1746 2903
104 163 128 207 52
366 140 506 198 NOVATJANI
733 165 771 206 [XV

101 258 157 302 fuerit
169 265 213 300 ante
227 259 279 299 illurn
293 273 316 300 ex
328 272 367 311 quo
379 258 442 312 ipsum
454 259 546 313 originem
558 258 643 312 sumpsit.
672 260 705 300 sed
719 259 770 300 enirn

102 326 193 375 Christus,
209 339 252 365 cum
268 339 291 366 ex
304 326 401 366 Abraham
417 325 446 375 sit,
460 333 505 366 ante
518 325 615 366 Abraham
629 338 670 367 esse
684 339 704 367 se
718 325 769 367 dicit.

101 401 134 434 aut
151 392 241 432 mentitur
259 400 278 432 et
295 392 347 442 fallit,
366 392 382 431 si
400 399 444 432 ante
462 393 559 432 Abraham
578 406 617 432 non
637 393 677 443 fuit,
696 393 729 446 qui
748 407 771 433 ex

73 477 75 480 ’
102 462 199 503 Abraham
215 459 258 500 fuit:
277 468 309 500 eut
325 472 364 500 non
380 459 431 510 fallit,
449 460 464 500 si
479 459 536 500 etiam
552 460 648 509 deusest,
664 461 711 500 dum
727 467 771 501 ante

83 529 199 581 5Abrahem
221 529 261 567 fuit.
296 528 349 579 quod
371 527 408 567 nisi
429 527 500 577 fuisset,
521 535 664 578 consequenter,
685 542 729 568 cum
748 542 771 568 ex

103 593 199 634 Abraham
215 592 286 650 fuisset,
301 600 345 632 ante
359 592 455 632 Abraham
473 606 514 633 esse
530 606 567 633 non
584 600 653 644 posset.
681 593 697 633 si
712 595 771 635 homo

103 660 236 701 tantummodo
253 658 344 708 Christus,
359 660 457 710 quomodo
473 659 509 699 ait:
527 664 545 698 et
558 673 587 710 ego
602 673 697 711 agnoscam
712 674 742 699 aas
755 665 773 698 et

103 732 205 778 sequentur
212 740 239 766 me
249 740 307 774 orcam
320 732 337 766 et
344 739 374 777 ego
385 727 444 766 utram
456 732 548 766 artemiam
561 729 583 766 do
592 728 635 777 illis,
645 733 662 767 et
670 740 770 779 numquam

98 794 186 847 peribunt
194 795 214 834 in
219 794 342 846 pecorinum?
364 792 455 833 sedenim
465 807 509 833 cum
518 792 646 834 omnishomo
654 793 771 834 mortalitatis

72 882 95 906 10
104 862 128 902 sit
136 860 209 912 legibus
216 860 307 911 alligatus,
315 867 334 900 et
343 858 413 899 idcirco
422 859 442 899 in
451 867 563 911 perpetuum
573 873 593 899 se
601 860 642 911 ipse
651 874 725 900 seruare
732 873 771 900 non

104 926 169 982 possit,
180 928 240 967 multo
249 925 308 980 magis
317 925 337 966 in
348 933 461 979 perpetuum
473 927 552 967 alterum
563 940 637 967 seruare
649 940 688 967 non
697 925 770 980 poterit.

104 1003 124 1036 at
139 993 159 1034 in
176 1001 288 1046 perpetuum
306 1007 326 1034 se
344 991 430 1033 Christus
448 992 560 1046 repromittit
577 994 657 1034 salutern
675 995 762 1035 daturum
767 1008 779 1043 3¹

105 1074 162 1114 quarn
181 1060 196 1100 si
214 1073 253 1100 non
269 1061 306 1109 dat,
322 1061 404 1100 mendax
420 1067 456 1099 est:
476 1061 491 1100 si
506 1061 544 1109 dut,
560 1061 607 1100 deus
623 1068 656 1100 est.
684 1062 718 1102 sed
732 1074 772 1100 non

104 1126 159 1175 folliu
176 1128 208 1166 dat
220 1128 271 1166 enirn
284 1128 336 1177 quod
348 1126 466 1177 repromittit.
494 1128 541 1166 deus
554 1134 582 1166 est
591 1140 641 1178 ergo,
650 1127 683 1178 qui
692 1129 772 1168 salutem

72 1212 93 1252 15
104 1199 215 1246 perpetuam
230 1193 315 1245 porrigit,¹
334 1206 391 1244 quam
405 1194 468 1242 homo,
484 1192 517 1244 qui
531 1205 551 1233 se
566 1192 629 1244 ipsum
644 1207 718 1234 seruare
732 1207 772 1234 non

105 1266 172 1314 potest,
187 1258 240 1299 alteri
253 1267 347 1312 praestare
361 1272 401 1300 non
413 1258 487 1311 poterit.
692 1253 693 1258 ¹

144 1327 164 1368 Si
176 1328 235 1368 homo
247 1327 381 1367 tantummodo
393 1326 485 1374 Christus,
496 1327 543 1379 quid
555 1334 588 1377 est,
599 1328 652 1380 quod
663 1327 701 1368 ait:
715 1341 744 1379 ego
757 1332 774 1366 et

100 1400 159 1448 pater
167 1408 224 1434 numu
233 1396 307 1434 smnus?
321 1395 419 1446 quomodo
429 1393 479 1434 enim
489 1408 518 1445 egr
527 1399 545 1434 et
549 1398 604 1444 parer
613 1408 670 1434 rmum
679 1408 747 1444 ruerus,
758 1393 773 1433 si

105 1476 145 1504 non
157 1469 176 1502 et
189 1462 236 1502 deus
249 1469 277 1501 est
290 1469 308 1501 et
320 1460 384 1501 filius?
397 1460 430 1513 qui
442 1460 512 1501 idcirco
524 1474 583 1500 unum
598 1468 660 1512 potest
673 1460 715 1511 dici,
726 1462 772 1502 dum

73 1546 96 1572 20
106 1544 128 1570 ex
137 1529 179 1580 ipso
189 1535 222 1577 est,
231 1533 250 1566 et
259 1528 304 1566 dum
314 1525 363 1566 filius
373 1526 413 1566 eius
422 1533 456 1573 est,
464 1533 483 1566 et
492 1528 539 1566 durn
548 1539 571 1565 ex
579 1525 621 1578 ipso
630 1526 718 1575 nascitur,
726 1528 772 1567 dum

106 1609 129 1635 ex
137 1593 179 1645 ipso
188 1591 301 1645 processisse
310 1591 400 1644 reperitur
406 1606 411 1641 ς
423 1605 456 1643 per
466 1592 518 1644 quod
528 1598 546 1631 et
554 1592 641 1631 deusest.
667 1593 719 1644 quod
729 1605 772 1632 cum

106 1659 222 1699 inuidiosum
233 1657 301 1696 Iudaei
313 1664 417 1709 putassent,
429 1664 448 1696 et
461 1658 594 1708 blasphemum
607 1658 736 1706 credidissent,
750 1671 773 1696 eo

107 1724 159 1778 quod
173 1737 194 1763 se
209 1724 317 1763 ostenderat
332 1722 361 1762 his
377 1722 495 1762 sermonibus
512 1721 598 1764 Christus
614 1735 655 1771 esse
673 1723 736 1773 deum,
751 1737 773 1763 ac

107 1798 206 1845 propterea
220 1791 244 1830 ad
259 1790 331 1841 lapides
347 1789 490 1839 concurrissent,
505 1797 524 1829 et
538 1802 625 1829 saxorum
641 1789 689 1830 ictus
704 1789 773 1830 inicere

73 1874 95 1914 25
106 1856 217 1910 gestiissent,
238 1857 324 1908 exemplo
342 1863 360 1894 et
377 1855 486 1895 testimonio
504 1855 636 1906 scripturarum
657 1855 773 1896 aduersarios

107 1937 151 1963 suos
165 1922 236 1961 fortiter
250 1922 342 1961 refutauit.
370 1923 388 1960 si
399 1922 443 1970 illos,
457 1921 523 1973 inquit,
538 1922 588 1960 dr'xr't
599 1923 639 1960 deos
651 1924 678 1960 od
689 1936 733 1972 quor
746 1923 775 1961 det

138 2021 146 2056 7
158 2023 191 2045 -nrn
198 2024 209 2054 γ
217 2013 255 2045 Pam
267 2023 284 2044 -ο
290 2013 314 2055 Ja.
328 2022 344 2043 -o
352 2021 395 2044 meas
402 2021 431 2044 ms.
440 2011 515 2044 Woweri.
601 2022 620 2045 no
631 2013 691 2046 etdnn
699 2014 738 2046 coni,
747 2013 772 2055 Ja.

107 2082 127 2113 ²3
138 2068 219 2101 Christum
226 2079 238 2109 γ
245 2068 278 2099 Pa:
290 2078 315 2100 -us
321 2067 362 2100 corti.
371 2067 395 2109 Ja.
453 2067 472 2100 26
483 2067 509 2099 dei
515 2077 545 2099 run
554 2078 565 2107 γ
573 2067 601 2098 Pa.

129 2157 142 2190 7.
164 2147 261 2187 agnoscam]
281 2147 307 2189 Jo.
320 2158 330 2178 x
345 2154 363 2187 27
377 2146 425 2188 ang.
455 2145 660 2188 WestcottonJohnx3o).
677 2148 774 2180 Theneuter
827 2142 829 2144 ¹

108 2195 195 2235 ‘cognosco
206 2202 232 2223 eas
243 2195 259 2223 et
269 2194 355 2233 sequuntur
364 2196 426 2223 nre...et
454 2190 514 2233 gender
519 2190 532 2223 is
539 2190 577 2222 here
584 2189 621 2222 held
627 2194 644 2222 to
649 2190 699 2233 imply
705 2191 774 2235 Sonship

107 2248 139 2271 non
147 2235 220 2279 peribunt
227 2235 243 2267 in
251 2233 343 2267 aeternum)
455 2235 486 2267 and
504 2240 532 2267 not
549 2234 623 2277 personat
640 2234 712 2278 identity.
743 2236 773 2279 Cp.

130 2292 153 2323 13.
176 2278 426 2321 uuamstnondattcp.afine
455 2280 521 2312 Tertull.
534 2279 572 2311 adu.
586 2280 661 2311 Praxean
674 2291 692 2313 η
709 2282 773 2314 ‘Unum

107 2336 173 2369 passage
184 2325 201 2356 in
213 2325 255 2366 Aug.
268 2324 286 2355 de
296 2325 350 2356 Docir.
366 2323 425 2355 Christ.
455 2335 510 2355 sumus
519 2324 573 2355 dicens
583 2323 617 2364 Ego
625 2328 639 2355 et
648 2325 698 2356 Pater
705 2326 774 2357 ostendit

107 2372 113 2403 i
129 2379 146 2410 15
163 2371 199 2401 ‘nos
215 2368 333 2400 immortalitate
347 2367 389 2399 male
402 2367 426 2399 usi
455 2367 495 2400 duos
510 2376 544 2399 esse
558 2376 597 2409 quos
611 2371 669 2409 aequat
683 2372 698 2401 et
712 2368 774 2411 iungit,7

107 2425 165 2452 sumus,
188 2417 205 2444 ut
226 2423 331 2449 moreremun
355 2411 426 2444 Christus
455 2412 487 2444 and
495 2412 531 2444 ibid.
540 2413 579 2443 ‘tam
589 2411 628 2444 duos
637 2423 685 2455 quarn
695 2412 774 2457 insepara-

108 2457 203 2490 mortalitate
212 2457 252 2488 hene
259 2467 296 2488 usus
303 2461 332 2495 est,
340 2459 358 2487 ut
366 2456 426 2488 uiuere·
456 2454 491 2487 tos.'

109 2500 154 2535 nurs'
477 2500 496 2532 id.
518 2501 533 2532 si
543 2507 577 2531 non
588 2501 606 2532 et
616 2500 694 2541 cet.]‘If
702 2501 729 2534 the
740 2500 774 2534 Son

131 2547 154 2579 18.
181 2544 240 2585 unum]
257 2545 278 2583 ἐ’ν,
295 2544 337 2576 ‘one
352 2544 426 2582 Esmnce,
456 2544 490 2577 also
498 2544 510 2576 is
518 2547 546 2576 not
553 2543 590 2576 God
597 2554 614 2576 as
621 2544 657 2576 well
665 2544 689 2586 [as
696 2545 751 2587 man].'

108 2597 136 2625 not
148 2601 178 2622 one
191 2591 258 2622 Person:
269 2600 296 2621 ure
308 2595 336 2621 not
349 2587 383 2620 am’
396 2589 427 2632 (Bp
478 2589 502 2622 τό.
523 2589 583 2632 Jolrnx
591 2600 616 2631 35.
