1746 2903
57 155 91 195 ΙΙΙ,
100 155 132 196 IV]

255 157 290 189 DE
306 156 323 188 Τ
320 155 440 188 RINITATE
454 155 528 188 LIBER
701 153 724 203 13

57 251 116 291 uerbo
132 251 172 291 eius
188 250 265 303 digesta,
281 259 302 292 ut
314 251 426 303 peripsum
441 250 489 291 sint:
509 257 527 289 et
543 249 562 290 in
578 249 669 290 iudiciuin
685 251 726 292 eius

57 318 144 360 recidunt
165 319 258 369 uniuersa,
282 326 303 359 ut
325 319 371 359 dum
386 311 413 357 'iri
433 319 471 369 ipso
490 325 600 369 exspectant
620 317 726 358 libertatem

58 384 179 438 corruptione
192 384 283 438 deposita,
297 384 317 423 in
330 383 393 436 ipsum
407 382 507 424 uideantur
520 398 561 424 esse
575 391 667 425 reuocat.

38 456 49 493 4
97 453 132 491 IV.
160 453 226 504 Quern-
244 454 302 493 sehrrre
324 451 391 491 merito
411 451 476 491 bearem
498 451 608 505 pronuntiat
626 451 726 493 dominus:

58 518 112 559 cuius
123 519 212 560 honitatis
223 526 274 560 totus
286 518 339 559 testis
351 524 380 558 est
392 519 480 567 mundus,
491 532 547 572 quern
560 532 599 559 non
610 518 726 570 instituisset,
737 529 747 568 5

59 585 95 625 nisi
105 587 166 627 bonus
175 586 246 627 fuisset.
273 599 318 625 nam
329 584 345 624 si
355 586 417 624 orithia
428 586 474 625 heho
487 586 545 635 ualde,
556 594 694 638 consequenter
705 600 727 627 ac

60 651 127 692 merito
139 660 158 693 et
169 666 218 704 qnae
226 651 312 692 instituta
321 658 365 691 sunt
377 650 429 690 bona
438 648 510 692 bonurn
522 651 649 693 institutorem
662 653 728 705 proba-

59 725 133 767 uerunt,
144 726 162 758 et
172 731 221 770 quae
230 732 241 758 a
251 718 304 758 bono
314 716 421 758 institutore
433 724 482 767 sunt,
492 719 544 758 eliud
555 731 612 769 quarn
624 719 676 759 bona
688 731 729 759 esse

60 798 99 824 non
108 793 193 837 possunt.
222 799 245 825 ex
257 798 295 837 quo
306 798 364 825 omne
376 787 448 825 malurn
457 785 533 825 facessit
542 798 553 825 a
562 786 605 825 deo.
632 799 668 826 nec
677 787 729 826 eninr

60 860 123 905 potest
131 851 171 894 fieri
178 861 199 893 ut
204 851 228 893 sit
233 849 316 893 initiator
322 859 354 893 aut
360 851 425 893 artifex
430 850 486 892 ullius
493 852 537 892 mali
544 854 611 905 operis,
618 852 650 905 qui
657 866 728 893 nornen
740 866 763 891 10

61 918 97 959 sibi
106 918 184 971 perfecti
193 918 277 959 uindicat
289 926 308 958 et
320 917 403 970 parentis
412 925 431 958 et
440 917 512 967 iudicis,
523 918 604 958 maxime
614 932 657 958 cum
667 918 729 958 omnis

61 985 106 1025 mali
122 985 183 1037 operis
199 985 270 1026 uindex
287 985 311 1025 sit
328 993 347 1025 et
364 985 432 1034 11161111,Ι
451 985 542 1036 quoniam
560 994 579 1025 et
596 999 635 1025 non
653 986 730 1026 aliunde

62 1050 142 1092 occurrit
159 1049 234 1091 homini
251 1052 327 1102 malurn,
344 1049 381 1091 nisi
396 1065 407 1091 a
425 1050 477 1092 bono
492 1052 530 1092 deo
547 1050 659 1093 recessisset.
693 1051 730 1093 hoc

61 1124 125 1158 autern
135 1118 197 1169 ipsum
206 1117 225 1157 in
235 1117 312 1157 homine
325 1118 436 1158 denotatur:
450 1132 489 1158 non
500 1118 544 1170 quia
556 1132 634 1159 necesse
646 1119 686 1166 fuit,
696 1119 730 1160 sed

63 1184 107 1235 quia
124 1184 165 1235 ipse
183 1185 210 1223 sic
224 1183 289 1223 uoluit.
317 1185 368 1223 unde
382 1183 481 1224 manifeste
497 1191 516 1225 et
532 1184 578 1237 quid
594 1187 665 1225 malum
681 1192 730 1226 esset
741 1197 762 1237 15

62 1249 154 1303 apparuit,
168 1257 192 1300 et,
207 1264 231 1290 ne
244 1248 317 1290 inuidia
329 1249 349 1289 in
363 1250 400 1290 deo
413 1263 454 1291 esse
468 1250 568 1298 uideretur,
582 1266 593 1291 a
607 1265 645 1304 quo
660 1253 730 1292 malum

63 1323 126 1355 ortum
139 1323 194 1364 esset,
208 1315 271 1355 eluxit.

170 1451 179 1483 9
189 1442 255 1473 facessat
263 1441 300 1473 eld.
344 1452 362 1484 15
374 1441 456 1473 recessisse
463 1442 503 1473 cerri.
511 1441 594 1474 Latiniusz
603 1442 628 1485 Ja.

86 1575 101 1595 11
122 1562 227 1602 libertatem]
244 1562 290 1594 Ronr.
300 1561 327 1593 viii
335 1571 361 1594 ur.

86 1607 114 1640 IV.
140 1606 174 1639 God
183 1607 227 1638 otene
239 1606 253 1638 is
262 1605 303 1647 good
312 1605 346 1637 artri
357 1605 382 1637 the

65 1650 155 1693 Anthrref
159 1651 207 1692 grad:
217 1649 250 1681 evil
258 1650 272 1681 ir
280 1661 290 1681 e
299 1650 382 1691 departure

59 1695 106 1738 frorh
124 1695 168 1726 Hine.
199 1693 232 1726 Ged
248 1694 262 1725 is
279 1694 384 1735 rrrrchorrging

65 1739 133 1771 without
149 1739 215 1770 irtcrehte
229 1747 248 1770 rr
262 1738 340 1770 terrente:
358 1738 382 1769 the

60 1783 125 1825 srrrher
141 1782 195 1815 warin
209 1781 270 1814 trrueloe
287 1780 343 1822 origin,
358 1781 383 1813 the

67 1828 113 1859 latter
125 1825 181 1858 death:
196 1826 223 1857 hiet
237 1826 262 1857 He
276 1824 323 1864 rhith,
335 1824 348 1856 J
356 1835 382 1857 oret

66 1870 102 1903 thret
111 1871 123 1902 J
129 1881 160 1902 arte.
182 1870 214 1902 Fer
223 1870 274 1901 rohere
284 1869 326 1902 there
338 1870 352 1901 is
363 1880 383 1902 ree

67 1915 115 1953 birth,
122 1915 163 1948 there
169 1926 198 1947 corr
204 1914 220 1946 hr
225 1926 245 1947 rer
251 1914 314 1956 change.
328 1914 344 1946 T
341 1914 383 1946 here-

62 1960 100 2001 srre
106 1960 132 1992 He
139 1960 153 1991 ts
165 1960 202 1996 Orte,
210 1959 236 1990 the
245 1960 320 2000 Supreme
326 1959 381 2000 Ber'ng,

67 2003 134 2036 without
139 2013 171 2045 111111
176 2003 205 2035 lihe
210 2007 249 2035 rente
254 2003 295 2035 Hine
300 2001 338 2045 :fer
343 2002 385 2034 there

67 2052 124 2080 carihat
135 2048 151 2080 he
163 2051 193 2079 taor
203 2046 288 2088 Infinita:
303 2047 385 2080 Hernrrst

68 2092 132 2124 cerrtoirr
145 2092 169 2124 the
183 2091 231 2123 whole
243 2101 262 2123 rr
274 2091 303 2123 else
315 2101 356 2123 erese
370 2094 384 2122 te

68 2138 84 2168 he
97 2136 134 2168 God.
163 2135 274 2176 Cortreynently
291 2146 311 2165 rra
327 2139 385 2176 proper

68 2180 121 2211 Nomi
129 2179 148 2221 of
156 2179 189 2211 Get
198 2188 228 2210 eon
237 2179 254 2209 he
263 2179 324 2210 atteret
328 2187 333 2209 .·
339 2177 385 2219 fora

69 2233 115 2255 name
122 2226 165 2255 rrrrrrt
173 2233 216 2254 cover
225 2222 250 2254 the
258 2221 339 2255 attributes
346 2232 385 2254 com·

65 2268 159 2310 prehendet,
174 2266 226 2299 which
240 2267 258 2298 ire
275 2267 306 2298 this
323 2276 355 2298 care
372 2265 386 2298 ir

69 2312 158 2354 trrtposshh.
181 2311 212 2343 The
218 2311 271 2343 Naeue
278 2311 291 2343 r's
296 2310 344 2352 given
351 2310 387 2342 that

69 2367 104 2388 neeri
115 2366 151 2397 rnay
155 2354 195 2398 firtel
204 2365 254 2398 rnercy
262 2355 327 2397 therehy.
341 2353 387 2387 Got's

70 2400 244 2442 iorruertalityfhlhton

90 2457 105 2485 4·
127 2444 269 2482 solum...bonu1n]
277 2443 307 2475 Lk.
314 2442 352 2475 xviii
361 2453 384 2486 19.

91 2487 105 2521 6.
128 2488 240 2528 omniauona]
257 2487 344 2528 Geni31.

91 2542 106 2575 9.
133 2531 208 2572 facessit]
233 2530 275 2573 (thus
300 2531 308 2562 I
330 2531 387 2563 emend

72 2575 158 2620 ‘facessat'l
166 2576 186 2609 ‘is
191 2575 288 2619 arleparture
292 2575 333 2608 from
339 2574 387 2608 God!

418 1561 462 1593 Here
480 1561 507 1593 the
524 1562 569 1593 word
583 1562 597 1593 is
612 1562 702 1604 equivalent
716 1566 733 1593 to

417 1604 493 1644 obhorret,
502 1614 520 1636 or
527 1605 586 1637 recedit.
608 1606 640 1638 For
648 1606 675 1638 the
681 1606 733 1638 literal

418 1658 462 1680 sense
470 1659 494 1691 cp.
506 1648 541 1681 Liv.
548 1648 554 1680 i
562 1657 587 1691 47.
599 1660 607 1691 5
619 1649 686 1682 ‘facesse
696 1650 734 1682 hinc

417 1692 523 1735 Tarquinios.²
535 1693 626 1736 Pefficiscrr
630 1694 701 1726 contains
707 1695 733 1726 the

418 1746 461 1769 same
469 1741 508 1769 root.

440 1791 463 1812 12.
485 1780 520 1812 The
527 1784 601 1814 sentence
606 1781 619 1814 is
624 1781 699 1823 irregular
706 1782 735 1814 but

418 1823 511 1867 expressive,
531 1824 572 1858 'evil
590 1825 628 1858 does
647 1830 675 1858 not
692 1837 735 1858 cross

417 1869 468 1901 man's
475 1869 514 1911 path
520 1868 561 1901 horn
571 1881 602 1912 any
612 1869 657 1902 other
666 1876 734 1913 quarter,

417 1914 470 1946 unless
481 1913 501 1946 he
510 1913 542 1946 had
552 1925 593 1956 gone
603 1914 645 1947 bach
656 1915 696 1947 honr
708 1916 735 1948 the

418 1959 460 1999 gootl
468 1958 516 1990 God.'
537 1958 559 1991 So
569 1960 602 2001 Jer.
614 1959 625 1990 ii
638 1968 656 2001 19
666 1959 735 1991 ‘malum

418 2002 735 2046 etamarumestreliquisseteDominum

419 2047 472 2078 Deum
479 2045 535 2079 tuum.¹
669 2076 670 2079 ,

442 2100 465 2131 13.
487 2090 601 2130 hoo...i1asum]
612 2102 633 2124 sc.
645 2090 735 2124 declension

419 2133 460 2165 hom
473 2134 515 2166 God.
538 2134 647 2173 ‘Denotatin‚'
660 2136 684 2167 ‘is
698 2137 735 2176 stig·

420 2176 499 2217 mehedt
514 2187 539 2220 op.
554 2178 617 2210 Ecclus.
632 2177 659 2210 xix
672 2186 680 2219 5
692 2177 736 2221 (Vg.)

422 2221 457 2264 ‘qui
462 2221 520 2263 gaudet
526 2221 608 2264 iniquitate
616 2222 725 2255 denotabitur'
731 2235 736 2263 ς

421 2265 736 2310 ornrerely‘designated'asp.119l.15.

443 2319 466 2352 15.
490 2310 554 2342 ‘Hence
565 2310 577 2343 it
588 2310 647 2354 plainly
657 2312 738 2354 appeared

422 2354 463 2386 what
471 2354 502 2386 evil
509 2366 541 2387 was
548 2355 576 2395 [sc.
587 2355 614 2387 the
623 2355 674 2389 defect
685 2356 703 2388 of
710 2355 737 2389 tlte

421 2399 465 2440 will],
474 2399 506 2431 and
513 2400 543 2432 lest
554 2400 598 2432 there
609 2400 666 2432 should
675 2399 696 2433 be
705 2411 737 2442 any

421 2453 519 2485 appearance
532 2442 550 2475 of
558 2444 629 2485 jealousy
642 2444 659 2475 in
671 2444 713 2484 God,
725 2445 738 2477 it

421 2486 738 2521 becamemanitestfromwhomevilhad

422 2531 471 2563 taken
478 2530 497 2563 its
505 2531 567 2574 origin‚¹
575 2543 596 2565 sc.
606 2532 646 2565 from
651 2533 678 2565 the
684 2534 736 2573 Devil,

422 2575 458 2609 who
466 2586 498 2608 ruas
504 2575 565 2618 jealous
572 2576 591 2609 os
597 2587 640 2617 man,
649 2587 665 2620 p.
673 2589 683 2619 4
690 2577 701 2609 l.
709 2575 724 2610 6.
