1746 2903
18 162 19 166 ¹
75 183 106 224 ur]
274 182 309 215 na
327 181 461 215 rxrwrrx‘rn
476 181 550 231 ernau
717 181 744 221 21
779 183 781 188 ·

75 276 135 330 possit
144 276 232 328 edicitur;
246 283 264 317 et
277 277 355 329 quando
366 277 430 329 pedes,
440 278 494 329 quod
505 275 583 329 impleat
591 276 659 322 ,omnia
673 290 709 317 nec
721 278 744 320 sit

75 346 177 399 quicquam
191 344 224 387 ubi
238 358 277 385 non
290 343 313 385 sit
327 344 380 394 deus,
395 343 503 397 explicatur.
530 358 593 397 neque
606 344 658 386 enim
670 353 715 387 sunt
726 349 745 398 ei
767 386 770 392 ,

75 419 108 452 aut
117 413 202 453 membra
210 411 380 452 autmembromm
390 410 451 452 officia
460 411 569 460 necessaria,
580 413 605 452 ad
617 411 670 452 cuins
682 414 744 454 solum

75 478 133 519 etiam
142 477 220 518 tacitum
229 477 327 519 arbitrium
336 484 355 519 et
364 478 448 517 seruiunt
456 484 476 517 et
484 478 554 518 adsunt
560 477 630 518 omnia.
653 492 686 518 cur
692 478 744 520 enim

75 543 158 596 requirat
167 544 238 594 oculos,
249 543 282 597 qui
290 545 323 583 lux
332 544 374 583 est?
387 550 419 583 aut
428 556 461 582 our
473 551 550 597 quaerat
559 545 623 597 pedes,
631 544 664 597 qui
673 544 744 598 ubique
753 555 763 595 5

75 610 115 648 est?
124 616 157 648 aut
166 623 199 648 cur
205 608 279 661 ingredi
286 608 337 655 uelit,
345 620 389 647 cum
397 621 436 647 non
443 606 467 647 sit
476 620 514 659 qno
521 616 573 647 extra
579 621 600 647 se
606 608 694 660 progredi
702 622 744 661 pos=

75 674 110 715 sit?
117 682 149 715 aut
157 688 189 716 cur
196 688 264 715 manns
271 676 351 728 expetat,
358 673 411 715 onius
418 674 443 714 ad
450 667 514 714 omnia
521 673 637 715 instituenda
643 675 709 717 artifex
715 684 744 719 est

75 748 94 780 et
107 740 164 780 silens
176 743 278 781 uoluntas?
304 754 341 780 nec
353 740 429 781 auribus
441 748 488 792 eget,
499 740 532 792 qui
543 739 600 781 etiam
612 741 678 782 tacitas
690 743 744 783 nouit

76 810 189 849 uoluntates.
217 816 249 849 aut
264 815 341 861 propter
356 821 413 861 quarn
429 821 506 849 causam
519 808 602 862 linguam
616 816 698 861 quaerat,
713 813 743 851 eni

76 875 158 927 cogitare
171 875 247 916 iussisse
259 879 301 916 est?
327 877 433 915 necessaria
444 875 496 915 enim
507 876 555 915 haec
567 876 652 915 membra
663 876 744 917 homini·
754 888 776 913 ro

76 941 112 981 bus
121 942 202 990 fuerunt,
212 955 252 982 non
264 943 307 991 deo,
317 941 362 994 quia
374 941 459 981 inefficax
470 939 553 981 hominis
562 940 663 982 consilium
671 941 742 993 fuisset,

75 1007 112 1048 nisi
126 1008 233 1060 cogitamen
248 1021 316 1061 corpus
329 1007 434 1060 implesset3
451 1008 488 1047 deo
501 1001 619 1048 autemnon
632 1009 742 1060 necessaria,

76 1074 129 1114 ouius
139 1076 257 1115 uoluntatem
266 1088 305 1114 non
314 1081 388 1114 tantum
397 1073 437 1113 sine
448 1073 511 1125 aliqua
522 1072 620 1115 molitione
632 1087 689 1127 opera
701 1076 743 1116 sub-

76 1150 185 1195 sequuntur,
201 1144 235 1182 sed
250 1141 291 1194 ipsa
307 1143 369 1181 statim
388 1154 445 1194 opera
460 1154 503 1180 cum
518 1142 615 1182 uoluntate
630 1143 741 1194 procedunt.

76 1217 160 1248 ceterum
177 1208 218 1259 ipse
236 1216 287 1248 totus
301 1210 372 1256 oculus,
388 1208 433 1259 quia
448 1206 498 1247 totus
512 1208 573 1257 uidet3
591 1216 610 1248 et
622 1215 673 1249 totus
687 1211 741 1260 auris,
753 1219 774 1257 15

76 1276 120 1328 quia
130 1283 180 1317 totus
189 1276 243 1317 audit
247 1289 252 1325 3
267 1283 285 1316 et
294 1283 345 1316 totus
355 1288 427 1323 manus,
438 1274 482 1326 quia
491 1280 541 1314 totus
552 1282 647 1327 operetur,-
661 1284 680 1317 et
691 1283 742 1317 totus

76 1355 115 1393 pes,
130 1341 175 1393 qnia
190 1348 241 1382 totus
256 1340 328 1392 ubique
345 1347 379 1381 est.
406 1342 458 1381 idem
474 1339 530 1389 enim,
546 1340 637 1393 quicquid
652 1341 699 1382 illud
714 1350 742 1383 est

76 1415 132 1457 totus,
143 1409 226 1460 aequalis
238 1415 271 1457 est,
282 1415 300 1448 et
309 1414 360 1448 totns
369 1407 440 1460 ubique
449 1413 483 1447 est.
510 1408 609 1448 nonenim
621 1409 679 1449 habet
690 1408 710 1449 in
722 1423 743 1450 se

76 1475 204 1515 diuersitatem
218 1474 252 1524 sui,
266 1473 358 1525 quicquid
371 1480 400 1513 est
415 1472 499 1525 simplex.
527 1487 549 1513 ea
564 1474 615 1514 enim
630 1462 709 1515 deinum
723 1475 742 1516 in

76 1539 205 1580 diuersitatem
219 1538 347 1579 membrorum
360 1537 449 1587 recident,
460 1551 509 1590 quae
520 1537 599 1580 ueniunt
611 1554 634 1580 ex
645 1540 743 1582 natiuitate
753 1554 776 1579 zo

99 1699 111 1722 1.
138 1690 183 1726 quod
194 1688 293 1728 impreat...]
309 1687 355 1719 ‘itis
367 1698 393 1719 ex·
425 1686 477 1719 which
484 1697 508 1718 we
515 1691 573 1719 cannot
580 1698 652 1729 presume
660 1694 676 1721 to
683 1689 741 1721 detine.

77 1732 140 1777 plained
148 1732 182 1764 that
191 1732 218 1764 He
230 1730 260 1763 fills
268 1731 290 1764 all
300 1730 353 1775 things
361 1730 393 1763 and
425 1730 460 1763 The
474 1741 517 1763 sanie
531 1735 573 1764 must
591 1732 611 1765 be
626 1732 652 1766 the
667 1733 742 1777 meaning

77 1779 111 1810 that
119 1777 145 1809 the
155 1777 201 1819 place
212 1777 250 1809 does
259 1781 287 1808 not
294 1776 335 1809 exist
342 1777 393 1808 where
424 1775 468 1808 here.
492 1776 583 1818 ‘Aequalis'
598 1787 649 1810 seems
663 1782 680 1811 to
694 1789 741 1811 mean

77 1822 114 1854 God
122 1822 135 1853 is
142 1820 181 1852 not.¹
427 1820 534 1861 ‘nnvarying‚'
542 1820 576 1853 ‘the
583 1831 626 1853 same
633 1820 742 1863 throughout‚’

98 1878 112 1907 4,
143 1866 194 1897 etiam
208 1864 286 1904 tanttum]
301 1866 351 1896 ‘even
365 1873 393 1896 nn·
425 1862 450 1896 ie.
466 1863 532 1897 without
544 1874 576 1905 any
589 1865 711 1909 differentiation
725 1866 743 1898 of

78 1909 173 1951 expressed.’
426 1912 474 1949 parts.
496 1907 516 1939 N.
529 1907 585 1940 wishes
597 1914 614 1941 to
626 1920 654 1951 say
666 1910 700 1942 that
714 1910 741 1943 the

98 1953 118 1986 ib.
140 1952 299 1993 seruiunmmnla]
311 1952 336 1985 Ps.
346 1950 393 1985 cxviii
425 1951 475 1985 entire
484 1962 519 1985 snm
526 1952 545 1985 of
550 1951 600 1985 God’s
607 1953 655 1996 being
662 1954 742 1994 (however

78 1998 127 2038 (cxix)
135 2007 160 2040 91.
425 1996 466 2029 little
474 2006 497 2028 we
504 2007 540 2037 may
547 1997 567 2029 he
575 1997 611 2030 able
620 2001 637 2030 to
645 1999 741 2031 understand

99 2053 113 2085 91
138 2041 207 2074 ‘Whose
221 2040 288 2083 thought
299 2039 313 2072 is
327 2051 337 2072 a
351 2050 393 2073 corn-
426 2039 469 2073 what
476 2041 509 2073 that
519 2051 554 2073 sum
563 2039 583 2083 is]
593 2041 606 2074 is
616 2042 704 2085 absolutely
711 2054 741 2076 one

78 2084 137 2119 mand!
159 2085 212 2118 Man’s
225 2096 293 2129 purpose
307 2084 342 2117 sails
354 2084 372 2117 of
384 2096 394 2116 n
426 2085 457 2117 aud
468 2085 551 2128 incnpable
562 2085 580 2118 of
587 2086 635 2130 being
647 2087 741 2121 distributed

78 2131 131 2170 result,
145 2130 207 2162 ‘unless
218 2130 242 2162 his
253 2130 296 2171 body
308 2129 355 2162 fulfils
369 2130 393 2161 his
425 2130 459 2161 into
465 2134 513 2172 parts,
519 2131 550 2162 and
555 2130 740 2173 iswhollyeverywhere.

78 2174 166 2216 tlrought’:
182 2174 209 2205 the
223 2173 271 2206 result
288 2173 350 2205 follows
367 2172 394 2205 the
449 2183 471 2215 19.
495 2173 521 2204 ‘It
535 2173 548 2205 is
564 2173 601 2215 only
619 2174 664 2207 those
682 2172 740 2217 things,

78 2218 111 2252 will
129 2218 147 2251 of
166 2217 202 2252 God
222 2216 288 2251 without
310 2227 330 2249 au
349 2216 394 2250 effort
426 2216 477 2250 which
486 2216 741 2259 proceedlrombirthtodissolu-

79 2261 170 2305 (molitione)
191 2273 209 2294 or
230 2261 282 2294 rather
302 2261 364 2293 attentis
382 2261 394 2293 it
426 2261 465 2299 tion,
476 2260 529 2294 which
541 2261 574 2294 will
587 2263 608 2295 be
621 2264 694 2296 resolxed
707 2265 742 2297 into

78 2306 212 2349 simultaneonsly.
426 2305 502 2348 diversity
511 2306 529 2339 of
536 2307 626 2340 members:
637 2307 682 2341 those
689 2308 742 2352 things

101 2363 124 2385 ra,
146 2350 247 2390 cogitamen]
258 2348 299 2389 ἅπαξ
309 2352 394 2391 εἰρημένονε
427 2350 479 2383 which
493 2361 519 2383 are
530 2357 558 2384 not
571 2352 658 2394 composite
672 2363 699 2385 are
713 2365 741 2386 un-

31 2414 34 2416 >
78 2396 106 2429 the
115 2394 185 2428 lexieons
193 2395 233 2428 refer
241 2394 351 2428 toTertullian
359 2394 394 2438 (sie)
426 2395 689 2429 consoiousotsuehdivershies'
711 2397 742 2441 Cp.

79 2440 153 2473 ueTrtn.
161 2438 175 2472 6.
225 2438 226 2442 ’
313 2450 315 2453 ·
427 2440 452 2482 Bp
466 2439 533 2472 Butler's
547 2445 617 2473 contrast
633 2441 652 2473 of
666 2442 693 2474 the
709 2443 742 2476 ‘in-

101 2492 125 2525 17.
146 2483 283 2524 idemenimcet.]
297 2483 332 2515 The
337 2483 394 2526 phrase
427 2483 508 2516 divisible'
515 2484 633 2517 consciousness
642 2485 660 2517 of
668 2495 697 2518 our
706 2496 743 2520 own

27 2535 30 2537 ·
79 2528 163 2571 ‘quicquid
176 2527 216 2559 illud
230 2531 253 2560 est
265 2526 316 2559 totus'
328 2527 358 2559 has
368 2536 394 2559 oc·
427 2527 506 2560 existence
522 2528 562 2561 with
578 2527 606 2561 the
623 2528 742 2572 ‘discerptible’

79 2572 134 2606 curred
145 2571 204 2610 before,
217 2570 233 2604 in
244 2570 271 2604 the
282 2581 327 2604 sense
340 2571 358 2604 of
367 2570 403 2604 the·
427 2571 498 2605 material
505 2571 549 2615 body
557 2570 636 2616 (Analogy
644 2582 650 2605 1
657 2574 675 2615 i).

79 2615 165 2650 undivided
176 2614 234 2648 fulness
244 2614 263 2647 of
271 2615 298 2648 the
309 2615 393 2654 Godhend‚
