1746 2903
97 185 162 225 xxru]
295 186 330 218 ua
346 186 480 218 rnrurrnru
494 185 568 218 araur
740 172 770 226 87=

98 280 166 332 ipsum,
185 280 205 321 id
226 289 254 321 est
275 280 373 321 hominem
392 280 452 321 filium
469 278 552 320 hominis
573 279 630 321 etiam
649 279 708 320 filium
728 281 764 330 dei,

98 348 166 387 uolunt
183 347 249 394 uideri,
269 355 290 388 ut
307 349 367 387 homo
385 354 403 387 et
423 360 467 386 caro
489 354 508 387 et
525 345 594 399 fragilis
611 345 643 386 illa
662 346 767 386 substantia

99 415 237 467 eademnque
251 415 292 467 ipse
307 414 357 455 filius
372 413 403 454 dei
419 427 460 454 esse
474 412 558 464 dicatum
574 426 654 465 exque,
670 413 716 453 dum
731 413 767 453 dis-

99 479 166 521 tinctio
186 481 219 521 filii
240 481 323 522 hominis
342 487 361 521 et
379 479 413 520 filii
432 479 463 521 dei
480 481 532 521 nulla
549 479 657 529 secernitur,
674 481 708 523 sed
725 479 767 531 ipse

98 546 148 588 filius
159 547 241 588 hominis
254 547 286 588 dei
298 546 347 587 filius
360 545 471 596 uindicatur,
486 546 545 587 homo
557 546 786 597 tantummodo=Chris-5

98 620 129 653 tus
141 614 192 654 idern
205 621 261 666 atque
273 613 323 654 filius
335 613 367 654 dei
377 620 475 654 asseratur.
503 626 535 665 per
544 614 597 665 quod
608 612 694 653 nituntur
706 615 767 654 exclu-

99 681 155 720 dere:
168 682 242 719 acerbum
251 694 292 720 curu
298 681 372 730 suctrrm
383 685 410 719 est
421 684 438 720 et
446 679 540 720 dubitauit
547 680 567 718 iu
576 679 626 718 uubis
631 695 639 728 ς
653 686 672 719 et
681 681 767 719 necabitis

98 759 161 786 nurrrru
176 747 218 786 rius
228 747 345 796 Errrruuauel,
360 746 409 798 parad
420 750 445 785 est
458 746 596 797 iraterprrtutmu
613 745 702 786 nobiscum
716 746 765 786 buu.

137 814 248 864 Proponunt
262 813 313 852 enirn
325 820 382 864 atque
391 812 423 852 illa
433 814 565 864 praetendunt,
577 811 654 863 quaein
667 812 766 864 euangelio

57 877 59 880 ’
99 880 162 918 Lucae
173 880 231 919 relata
243 886 292 929 sunt,
303 893 325 920 ex
337 879 406 931 quibus
418 893 501 920 asserere
513 886 610 926 conantur,
620 891 659 918 non
669 881 721 930 quod
731 887 764 929 est,
776 891 799 916 10

98 944 132 983 sed
145 950 219 984 tanturn
233 943 280 983 illud
292 945 344 995 quod
356 945 422 984 uolunt
435 957 486 985 esse:
500 944 577 995 spr'rr'tra
589 947 662 983 abactas
675 945 766 983 uerrr'etta

98 1015 119 1060 te,
138 1016 156 1049 et
170 1012 231 1051 utum
249 1012 337 1050 altissimi
353 1011 466 1050 obumbrabit
480 1011 531 1058 tabi,
540 1010 636 1060 propterea
652 1015 670 1048 et
681 1001 731 1061 quod
743 1024 766 1049 ex

98 1082 114 1116 te
130 1082 214 1116 rrusurur
227 1083 316 1127 suriana,
333 1078 428 1117 rrocubr'tar
438 1077 494 1128 filias
507 1077 540 1116 dei.
573 1075 588 1116 si
604 1089 653 1128 ergo,
671 1077 769 1130 inquiunt,

98 1146 175 1195 augelus
188 1143 219 1183 dei
231 1142 277 1183 dicit
290 1145 315 1184 ad
329 1143 416 1192 Mariam,
428 1145 477 1193 quud
487 1156 509 1182 rx
520 1148 536 1181 te
548 1148 632 1181 irascetur
642 1149 729 1200 sanctam,
743 1158 765 1184 ex

99 1208 160 1248 Maria
169 1215 197 1249 est
207 1208 312 1248 substantia
320 1208 381 1248 caruis
394 1215 412 1248 et
425 1207 512 1259 corporis.
541 1207 591 1246 hauc
603 1213 666 1246 autern
679 1207 797 1258 substan-15

98 1275 149 1325 tiam,
159 1275 180 1316 id
192 1281 220 1316 est
233 1282 319 1315 sanctum
331 1276 368 1315 hoc
381 1276 433 1326 quod
445 1288 468 1314 ex
479 1273 512 1313 illa
523 1271 607 1325 genitum
620 1280 653 1321 est,
664 1274 766 1321 filiumdei

98 1354 139 1382 esse
148 1341 251 1393 proposuit.
271 1343 335 1389 horno,
345 1341 438 1392 inquiunt,
449 1340 494 1391 ipse,
505 1346 523 1379 et
532 1339 614 1379 illacaro
621 1339 709 1390 corporis,
717 1340 765 1391 illud

98 1409 151 1459 quod
167 1415 253 1448 sanctum
269 1415 297 1447 est
313 1405 390 1456 dictum,
405 1406 468 1459 ipsum
484 1413 512 1446 est
527 1404 576 1445 filius
591 1404 622 1445 dei
627 1419 633 1455 3
650 1413 671 1446 ut
687 1414 705 1447 et
721 1421 765 1448 curn

98 1474 144 1514 dicit
161 1474 252 1526 scriptura
269 1480 356 1520 sanctum,
376 1473 471 1513 Christum
490 1472 548 1512 filiurn
566 1472 765 1515 hominis'hominem

97 1538 232 1592 intellegamus,
244 1545 262 1579 et
274 1552 318 1578 curn
325 1539 389 1590 filium
402 1539 431 1578 dei
441 1536 536 1590 proponit,
545 1550 583 1577 uon
595 1537 652 1577 deum
663 1539 696 1579 sed
705 1539 765 1592 homi·
774 1548 798 1573 20

98 1620 142 1647 nem
156 1605 251 1658 percipere
264 1606 372 1646 debeamus.

130 1710 148 1743 16
159 1710 209 1742 fillum
217 1709 243 1742 dei
250 1720 284 1742 esse
290 1709 373 1752 proposuit
380 1720 399 1741 ra
406 1721 416 1741 a
423 1710 474 1752 suppl.
483 1709 509 1740 Pa.
575 1718 594 1739 ao
605 1717 637 1739 non
649 1706 729 1740 hominem
736 1710 764 1742 sed

102 1767 150 1800 deum
162 1767 193 1798 Pa:
205 1776 243 1798 curm
253 1766 289 1798 edd.
299 1767 347 1808 Angl.
404 1782 405 1785 =

98 1859 137 1891 wish
152 1859 192 1891 Him
204 1865 220 1891 to
233 1869 292 1901 appear
304 1859 331 1891 the
343 1857 415 1891 selssame
447 1858 481 1891 that
486 1858 574 1901 holythiug
580 1867 597 1892 ru
602 1859 622 1893 he
628 1860 655 1893 the
661 1860 694 1894 Suu
699 1860 717 1894 ot
721 1860 763 1895 God.

98 1902 165 1947 person.³
187 1903 231 1936 Thus
239 1914 254 1945 p.
261 1903 281 1946 98
288 1902 299 1934 l.
308 1914 326 1935 10
335 1902 376 1945 ‘quis
382 1913 415 1934 nou
447 1901 482 1935 The
487 1903 577 1935 conclusion
582 1904 637 1936 drawn
641 1905 661 1945 hy
667 1905 693 1938 the
697 1905 765 1938 heretics

97 1948 232 1989 intellegat,..non
238 1947 305 1979 eundem
311 1952 358 1990 atque
364 1947 415 1989 ipsum
447 1946 466 1986 is,
473 1947 507 1979 that
513 1947 539 1979 the
547 1947 623 1991 offspring
628 1948 646 1981 of
652 1948 698 1991 Mary
704 1949 717 1982 is
722 1948 766 1982 itself

98 1991 158 2036 Apollo
166 1992 224 2035 pariter
232 1995 248 2024 et
256 1991 338 2024 Paulum?¹
447 1990 474 2023 the
484 1990 517 2024 Son
528 1990 547 2023 of
555 1991 592 2024 God
601 1992 633 2024 aud
642 1992 676 2025 that
686 1993 763 2026 therefore

119 2046 133 2078 5.
155 2039 204 2069 homo
218 2036 363 2076 tantummodo.,.]
378 2035 415 2068 ‘the
447 2035 474 2068 the
482 2034 516 2068 title
523 2035 541 2067 of
547 2036 580 2069 Son
589 2036 608 2068 ol
615 2037 652 2069 God
662 2038 675 2070 is
684 2038 764 2080 inexactly

97 2092 140 2113 mere
151 2093 188 2113 man
199 2080 252 2114 Christ
263 2080 276 2113 is
287 2080 356 2113 asserted
367 2084 384 2113 to
394 2081 415 2112 be
447 2080 491 2113 used.
510 2080 544 2113 The
551 2080 614 2123 logical,
623 2092 640 2115 as
648 2080 763 2125 distinguished

98 2125 125 2158 the
135 2136 179 2158 sarne
189 2135 206 2158 as
217 2126 243 2158 the
255 2125 288 2158 Son
299 2124 317 2157 of
326 2124 373 2158 God?
447 2124 488 2157 from
497 2124 524 2157 the
532 2126 645 2167 grammatical,
655 2126 729 2168 epodosis
736 2127 763 2160 he-

119 2180 134 2213 9.
155 2172 251 2208 proponunt
264 2170 295 2212 sq.]
311 2169 370 2201 ‘affirm
383 2168 414 2201 and
447 2169 482 2211 gius
489 2174 505 2201 at
513 2169 561 2208 barura,
570 2170 652 2212 r'rrqrriunt.

98 2214 148 2255 allege
156 2214 172 2245 in
180 2219 245 2256 support
253 2213 271 2245 of
276 2214 288 2245 it
296 2213 322 2245 the
330 2217 414 2245 statement
469 2212 525 2245 rssloll.
544 2216 564 2245 ut
571 2216 589 2246 et
596 2214 660 2254 tum...]
670 2214 705 2247 The
710 2216 762 2248 words

97 2257 114 2289 in
121 2258 148 2290 the
156 2258 216 2299 Gospel
223 2258 241 2289 of
247 2257 303 2294 Luhe,’
311 2268 331 2289 sc.
340 2257 356 2288 in
364 2257 369 2289 i
378 2265 402 2298 35.
446 2257 462 2289 in
470 2268 500 2297 any
508 2267 543 2289 case
550 2262 630 2299 represent
637 2258 664 2290 the
673 2258 762 2291 ‘heretical'

120 2312 143 2333 11.
164 2301 414 2344 Vulghas‘Spsauctussuper-
442 2305 534 2339 statement.
557 2301 763 2345 ltissimplest‚withthe

97 2345 150 2378 ueniet
161 2346 177 2378 in
188 2346 292 2388 te..,ideoque
302 2350 317 2378 et
327 2346 369 2389 quod
379 2356 414 2377 nas⁴
447 2344 514 2387 English
524 2345 587 2383 editors,
598 2349 615 2378 to
627 2347 665 2379 read
674 2357 706 2379 nou
716 2345 766 2380 derum

98 2396 141 2422 cetur
148 2401 167 2422 ex
175 2395 190 2422 te
198 2391 280 2422 sanctum)
446 2391 473 2422 sed
481 2390 568 2422 brutianus
579 2390 595 2422 in
606 2390 658 2423 which
669 2401 704 2423 case
712 2392 762 2435 parci-

121 2445 144 2475 13.
156 2436 171 2466 st
176 2443 221 2473 ergo,
226 2433 333 2473 inquiunt...]
340 2433 375 2466 The
379 2444 414 2475 pre·
443 2438 480 2475 pere
487 2434 567 2466 debearrms
573 2435 638 2467 denotes
645 2434 672 2467 the
679 2435 719 2468 view
727 2436 763 2469 thus

97 2478 152 2511 misses
162 2478 180 2510 of
188 2478 219 2511 this
226 2484 308 2521 argument
316 2488 342 2510 are
350 2476 372 2520 (a)
380 2478 414 2510 that
446 2477 500 2510 forced
512 2488 555 2521 upon
567 2489 590 2517 us,
603 2479 637 2511 that
650 2479 677 2511 the
691 2479 734 2512 ‘Son
746 2480 765 2512 ol

99 2523 142 2554 ‘that
155 2523 193 2563 holy
203 2523 258 2564 thing'
268 2522 281 2554 is
292 2522 330 2565 only
340 2523 367 2554 the
378 2523 413 2554 suh·
447 2522 510 2555 God’is
515 2522 564 2566 really
569 2534 657 2556 mereman.
673 2524 763 2565 Forfib'rcm

98 2571 151 2598 stance
158 2566 177 2597 ol
184 2566 222 2598 flesh
232 2566 297 2598 derived
306 2566 347 2598 from
357 2566 414 2608 ltlary:
446 2566 472 2598 dei
478 2566 553 2608 proponit
560 2577 584 2608 cp.
593 2567 610 2600 ll.
621 2566 645 2607 16,
656 2576 673 2609 17
684 2568 763 2601 ‘sanctum

99 2607 118 2652 (b)
123 2609 157 2643 that
162 2610 189 2642 the
194 2610 240 2653 angel
245 2610 315 2642 affirnred
320 2610 324 2650 t
325 2608 413 2653 properarit]
447 2610 548 2642 hoc...filium
556 2610 622 2644 delesse
630 2611 722 2655 proposuit.=
