1746 2903
110 189 139 230 44
374 192 407 224 NO
411 193 438 224 Vn
443 192 513 225 TIANI
727 188 779 229 [XIII

112 299 194 340 sponsus
203 287 228 326 ad
237 299 318 336 carnem,
329 292 350 326 ut
359 299 393 339 per
404 286 464 327 carnis
475 286 624 339 assumptionem
637 286 686 328 filius
698 286 781 327 hominis

113 356 158 395 illuc
171 361 236 405 posset
248 355 357 401 ascendere,
373 355 425 395 unde
441 355 473 395 dei
488 355 537 394 filius
555 354 635 394 uerbum
651 353 780 400 descenderat,

114 420 187 469 merito,
202 422 248 460 dum
266 433 299 472 per
317 420 441 461 conexionem
460 428 546 461 mutuam
562 428 581 461 et
595 433 639 461 caro
655 420 735 461 uerbum
751 417 782 460 dei

115 486 161 541 gerit
170 495 189 527 et
198 486 247 527 filins
256 487 288 527 dei
296 487 415 539 fragilitatem
424 488 485 529 carnis
496 487 579 537 assumit,
590 501 633 528 cum
645 501 715 539 sponsa
727 499 783 526 carne

96 555 246 605 5conscendens
262 553 312 601 illuc,
328 554 379 594 unde
395 553 436 594 sine
449 568 505 595 carne
519 554 649 603 descenderat,
665 551 731 606 recipit
744 551 783 592 iarn

116 620 219 663 claritatem
227 620 284 670 illam,
295 633 353 673 quam
362 622 409 661 dum
418 629 462 662 ante
471 622 538 662 mundi
547 621 685 662 institutionem
694 619 784 660 hahuisse

117 686 227 734 ostenditur,
238 688 285 737 deus
294 686 447 728 manifestissime
459 689 599 741 comprobatur.
626 695 645 727 et
654 686 783 735 nihilominus,

117 757 164 796 dum
179 755 263 794 mundus
279 756 320 807 ipse
335 762 379 807 post
394 755 448 795 illurn
463 755 559 796 institutus
575 756 658 802 refertur,
673 767 707 805 per
721 753 784 804 ipsum

118 829 190 863 creatus
204 835 245 862 esse
259 822 349 873 reperitur
353 835 358 870 3
371 836 410 874 quo
422 822 464 874 ipso
476 821 581 863 diuinitatis
592 821 670 873 inipso,
682 834 715 872 per
727 833 785 870 quem

87 903 109 928 ro
118 889 179 927 factus
188 896 217 926 est
225 888 314 935 mundus,
325 893 343 926 et
353 886 426 926 claritas
436 892 454 926 et
463 886 563 926 auctoritas
573 886 711 940 comprobetur.

157 953 216 1003 Quod
223 952 244 1001 si,
251 966 295 992 cum
303 953 372 993 nullius
379 953 402 993 sit
409 953 446 992 nisi
452 953 484 993 dei
490 952 552 993 cordis
557 966 614 993 nosse
619 959 695 1002 secreta,
700 950 786 993 Christus

119 1027 191 1062 secret-a
207 1019 300 1071 conspicit
315 1019 385 1060 cordis:
405 1020 456 1071 quod
475 1020 495 1068 si,
515 1033 558 1059 cum
574 1018 643 1058 nullius
658 1018 682 1058 sit
703 1017 739 1058 nisi
755 1016 787 1057 dei

120 1094 199 1141 peccata
207 1086 307 1135 dimittere,
315 1086 366 1126 idem
374 1086 460 1127 Christus
469 1093 548 1138 peccata
554 1086 640 1125 dimittit:
653 1087 705 1138 quod
714 1085 734 1134 si,
743 1097 787 1124 cum

120 1152 190 1193 nullius
198 1150 311 1192 sithominis
319 1153 343 1191 de
349 1153 402 1191 caelo
409 1152 479 1199 uenire,
486 1153 510 1191 de
516 1153 569 1190 caelo
577 1148 672 1191 ueniendo
680 1150 787 1191 descendit:

90 1229 110 1270 15
121 1219 173 1272 qnod
182 1217 203 1267 si,
214 1231 258 1258 cum
267 1217 337 1258 nullius
349 1217 432 1258 hominis
443 1219 490 1258 haec
499 1231 537 1258 uox
545 1231 587 1258 esse
595 1216 660 1270 possit,
670 1230 699 1268 ego
710 1222 727 1255 et
732 1222 790 1267 pater

122 1298 178 1325 traam
192 1298 260 1332 samar,
275 1286 325 1323 hanc
338 1298 406 1324 uocenr
421 1284 445 1324 de
458 1283 574 1324 conscientia
586 1283 689 1333 diuinitatis
702 1283 788 1324 Christus

122 1353 173 1392 solus
183 1350 251 1390 edicit:
265 1352 318 1401 quod
327 1352 343 1389 si
351 1358 448 1402 postremo
458 1350 547 1390 omnibus
556 1350 660 1390 diuinitatis
670 1349 739 1391 Christi
748 1362 790 1401 pro-

123 1417 232 1458 bationibus
246 1423 264 1457 et
277 1416 333 1456 rebus
346 1417 448 1457 instructus
461 1419 558 1468 apostolus
571 1419 661 1464 Thomas,
673 1417 790 1468 respondens

124 1484 200 1527 Christo
210 1484 293 1523 dominas
304 1498 354 1523 arens
366 1490 382 1522 et
393 1486 436 1522 dens
448 1498 497 1523 ruens
506 1483 560 1523 dicit:
574 1485 626 1535 quod
638 1484 654 1522 si
666 1492 685 1522 et
693 1484 790 1535 apostolus

92 1560 115 1585 20
125 1552 200 1597 Paulus,
213 1561 296 1599 quomam,
306 1548 372 1600 inquit,
381 1555 447 1599 patres
458 1553 475 1588 et
485 1553 508 1588 ἐκ
519 1549 584 1599 qrtr'bas
598 1549 683 1589 Christus
695 1549 791 1588 secandam

124 1630 203 1663 cantem,
214 1616 248 1666 qut
258 1621 284 1654 est
296 1623 351 1666 szpter
363 1617 425 1655 antara
439 1617 482 1655 deas
494 1617 593 1655 berzedictus
604 1617 624 1654 in
636 1616 711 1662 serenda,
721 1615 740 1654 in
753 1613 791 1654 suis

125 1682 190 1724 litteris
200 1682 272 1722 scribit:
285 1683 338 1734 quod
347 1684 363 1722 si
371 1682 423 1723 idem
433 1696 453 1723 se
460 1683 561 1733 apostolam
568 1695 604 1721 aon
613 1683 636 1721 ab
645 1682 752 1731 tonantibus,
759 1687 794 1720 aut

121 1751 257 1802 perdomitum,
264 1751 402 1800 sedperlesam
411 1751 505 1789 Christum
512 1749 635 1789 constitutum
642 1762 683 1789 esse
690 1748 792 1801 depromit:

127 1811 180 1868 quod
195 1816 211 1855 si
226 1815 277 1855 idem
292 1815 411 1867 euangelium
425 1829 465 1855 non
478 1829 498 1855 se
512 1818 534 1855 al
548 1816 651 1855 dominibus
664 1817 745 1855 didr'rr'ste
761 1821 795 1855 ant

95 1893 117 1934 25
122 1890 160 1935 per
176 1884 271 1932 taronem,
287 1884 319 1922 sed
329 1889 366 1934 per
382 1883 442 1922 [eruat
460 1883 554 1923 Cltrt'stam
571 1882 667 1935 accepisse
685 1882 794 1930 contendit:

128 1950 195 1991 merito
204 1951 252 1990 deus
261 1957 290 1989 est
299 1949 390 1990 Christus.

129 2091 163 2123 Son
170 2090 188 2121 of
196 2090 238 2126 God,
249 2089 276 2122 the
286 2089 401 2122 Word—siuce
409 2089 447 2132 bya
478 2088 490 2122 it
501 2088 514 2122 is
525 2089 617 2132 interesting
627 2094 643 2123 to
654 2089 687 2122 find
697 2090 724 2123 the
735 2090 796 2133 Synep-

128 2134 189 2167 mutual
198 2144 248 2165 nexus
257 2133 297 2165 flesh
304 2145 353 2165 wears
361 2134 388 2165 the
397 2134 447 2166 Word
479 2135 513 2166 tists
531 2134 632 2177 represented
649 2145 666 2166 as
682 2135 718 2167 well
736 2145 752 2167 as
771 2135 797 2168 the

129 2177 329 2217 ofGod,andtheSonof
335 2178 370 2211 God
379 2188 448 2210 assumes
480 2179 540 2211 Fourtlr
552 2178 616 2221 Gospel,
640 2179 655 2210 lt
666 2178 679 2211 is
691 2183 725 2211 true
736 2179 797 2211 thatin

129 2222 165 2255 frail
173 2222 319 2265 flesh—ascending
326 2221 365 2254 with
372 2223 399 2255 the
408 2222 447 2255 flesh

129 2266 183 2300 which
191 2267 217 2299 He
224 2267 256 2299 had
263 2267 331 2299 wedded
338 2273 355 2299 to
362 2268 397 2299 that
403 2268 447 2309 place

130 2312 195 2343 whence
208 2310 274 2342 without
287 2311 327 2342 flesh
340 2311 366 2342 He
378 2310 448 2342 hadde·

130 2354 204 2393 scendet,
211 2355 230 2386 of
233 2355 310 2396 necessity
316 2355 342 2387 He
347 2364 417 2386 resumes
422 2354 449 2386 the

131 2397 187 2442 glory,³
193 2404 223 2431 etc.
246 2399 279 2431 For
287 2399 358 2431 ‘merito'
368 2398 385 2430 of
392 2398 449 2440 logical

131 2452 239 2485 consequence
246 2453 271 2485 cp.
280 2454 296 2486 p.
305 2451 330 2484 45.
340 2453 348 2484 3
361 2443 427 2474 ‘merito
434 2448 450 2475 et

132 2486 213 2521 deusest'

155 2541 179 2572 13.
200 2533 245 2569 quod
254 2534 274 2569 al,
282 2539 320 2563 eum
328 2532 392 2563 nullius
400 2530 451 2571 stt...]

133 2576 160 2608 An
165 2575 241 2608 excellent
245 2575 320 2608 selection
325 2575 343 2608 of
349 2575 392 2608 N.T.
398 2575 451 2618 proofs

133 2620 151 2653 of
155 2629 184 2652 our
188 2619 328 2662 Lord’sDivinity,·
337 2631 395 2662 among
399 2620 451 2652 which

481 2224 528 2255 Rom.
537 2223 553 2255 ix
561 2233 569 2265 5
577 2232 621 2255 some
629 2223 695 2255 modern
702 2227 797 2257 commenta·

480 2274 512 2299 tors
524 2268 581 2299 render
593 2267 620 2299 the
630 2277 696 2309 passage
709 2268 798 2300 otherwise.

481 2311 512 2343 But
520 2321 546 2343 see
553 2310 580 2343 tte
587 2310 707 2343 commentaries
713 2311 731 2343 of
737 2311 799 2344 Gifford

482 2365 500 2387 or
511 2354 528 2386 of
538 2354 602 2396 Sanday
609 2354 641 2386 and
653 2354 733 2387 Hendlam
742 2355 766 2387 ad
771 2356 798 2388 loc.

482 2398 513 2430 and
519 2398 552 2430 also
560 2398 660 2441 Illingworth
667 2400 743 2432 Bactriae
749 2399 769 2442 of
774 2400 800 2432 tlte

485 2443 501 2475 T
499 2444 548 2484 rittity
558 2453 574 2485 p.
583 2453 607 2484 45.
631 2443 666 2476 The
676 2444 763 2477 references
773 2454 800 2476 are

483 2497 500 2519 as
505 2487 574 2520 follows:
581 2488 605 2520 for
610 2487 650 2520 lines
657 2487 722 2526 rr-16‚
729 2488 776 2521 Matt.
785 2489 801 2521 ix

483 2544 498 2572 4,
507 2531 549 2574 John
557 2531 568 2562 ii
576 2540 600 2573 25,
607 2532 657 2564 ltlarlr
663 2531 674 2564 ii
681 2541 695 2574 5,
702 2532 745 2575 John
751 2532 768 2566 iii
776 2543 799 2575 13,

482 2576 542 2619 Johnx
550 2587 578 2618 3o;
594 2576 618 2608 for
629 2577 668 2609 lines
680 2587 745 2620 19—r5‚
759 2577 802 2620 John

484 2622 536 2661 xxa8,
549 2621 597 2653 Rom.
605 2620 620 2653 ix
629 2630 643 2661 5,
652 2621 724 2661 Galir,
734 2632 758 2654 rr.
