1746 2903
92 136 118 188 56
355 147 494 180 nornrmnr
712 146 758 188 [mn

92 246 168 288 Christo
182 245 282 297 paraclitus
296 252 380 296 repertus
398 245 422 285 ab
438 245 470 285 illo
485 245 542 285 sumit
556 258 604 297 quae
618 245 684 286 ceteris
698 245 760 286 tradit.

91 311 247 365 quandoquidem
265 311 281 351 si
299 313 357 353 homo
375 313 509 353 tantummodo
527 311 619 362 Christus,
638 326 649 353 a
669 314 760 365 paraclito

92 378 178 421 Christus
196 377 289 429 acciperet
307 390 356 428 quae
377 378 452 427 diceret,
471 392 510 418 non
531 392 542 418 a
563 377 639 418 Christo
660 378 761 430 paraclitus

29 446 32 448 ’
92 445 185 498 acciperet
199 458 247 497 quae
261 445 359 486 nuntiaret.

73 528 82 568 5
131 512 151 554 Si
158 514 217 554 homo
227 514 360 553 tantummodo
370 511 461 563 Christus,
472 527 530 565 qnare
539 514 629 554 credendi
638 513 694 554 nohis
703 515 761 554 talem

92 580 175 633 regulam
183 577 251 630 posuit,
259 591 297 629 quo
304 577 383 618 diceret:
395 579 471 618 laecest
478 583 538 618 ararent
546 579 585 618 trita
592 583 666 618 aeterna
674 583 695 618 nt
702 579 762 618 actitat

92 653 109 686 te
120 659 177 685 atatam
188 651 205 683 rt
217 658 281 683 nerant
293 647 350 694 deant,
364 650 444 695 atquem
456 646 523 684 rrzria'sti
534 647 595 684 [esiam
610 646 719 685 Christum?
745 643 761 684 si

93 712 184 753 noluisset
193 724 213 751 se
222 710 279 750 etiam
292 712 350 751 deum
362 710 449 763 intellegi,
460 724 493 750 cur
507 710 589 751 addidit:
602 716 619 749 er
631 724 682 762 qnam
694 711 764 750 misisti

92 781 153 819 [estam
165 779 265 827 Christian,
274 777 310 818 nisi
320 776 409 830 quoniam
417 785 436 818 et
443 779 501 819 deum
508 778 569 831 accipi
578 780 652 820 uoluit?
670 778 760 831 quoniam

62 866 84 892 10
93 848 109 888 si
118 860 138 888 se
148 848 205 888 deum
218 847 276 886 nollet
288 845 375 898 intellegi,
386 844 498 887 addidisset:
512 851 529 885 et
536 860 587 897 qnam
596 848 664 887 misisti
670 847 760 886 horatiana

94 916 155 954 lesam
167 914 266 952 Christiana
293 925 345 951 nunc
354 918 417 951 autem
428 924 491 962 neque
500 912 578 961 addidit,
589 925 624 953 nec
634 927 654 954 se
663 912 761 953 hominem

93 979 149 1020 nobis
156 979 289 1019 tantummodo
297 977 383 1019 Christus
392 978 473 1025 tradidit,
482 979 516 1018 sed
525 980 562 1019 deo
571 979 636 1028 iunxit,
644 987 665 1019 ut
674 988 693 1019 et
702 981 760 1019 deum

93 1061 127 1099 per
134 1046 183 1085 hanc
190 1043 349 1093 coniunctionem,
359 1043 407 1084 sicut
417 1052 450 1094 est,
458 1043 541 1096 intellegi
550 1047 611 1086 uellet.
635 1053 664 1086 est
673 1059 716 1098 ergo
724 1059 762 1086 cre-

94 1114 184 1162 dendum,
195 1112 300 1152 secundum
311 1110 444 1164 praescriptam
457 1113 545 1164 regulam,
556 1111 575 1151 in
585 1112 690 1162 dominum,
701 1126 761 1154 unum

62 1201 83 1240 15
93 1195 159 1222 uerum
173 1181 236 1228 deum,
251 1187 270 1220 et
281 1179 301 1218 in
314 1193 358 1219 eum
372 1193 429 1230 quem
443 1179 494 1219 misit
508 1181 572 1220 Iesum
586 1180 682 1221 Christum
697 1194 762 1221 conse-

94 1254 177 1300 quenter,
185 1247 244 1298 quise
252 1259 372 1298 nequaqnam
378 1245 430 1297 patri,
437 1253 458 1285 ut
465 1245 552 1297 diximus,
559 1246 653 1296 iunxisset,
661 1247 697 1287 nisi
704 1248 761 1287 deum

94 1328 171 1366 quoqne
178 1312 260 1365 intellegi
267 1313 329 1353 uellet.
350 1319 454 1365 separasset
461 1312 512 1352 enim
519 1312 543 1353 ah
553 1327 581 1363 eo,
591 1313 606 1353 si
615 1315 672 1354 deum
680 1313 763 1367 intellegi

94 1394 114 1421 se
123 1380 219 1420 noluisset.
237 1379 285 1418 inter
293 1379 381 1418 homines
390 1379 441 1418 enim
450 1380 584 1419 tantummodo
593 1393 614 1419 se
623 1380 739 1430 collocasset,
747 1379 764 1419 si

94 1446 193 1489 hominem
206 1460 227 1487 se
239 1460 280 1486 esse
292 1446 426 1486 tantummodo
438 1445 499 1494 sciret,
513 1460 549 1487 nec
562 1460 605 1486 cum
618 1448 654 1487 deo
666 1446 763 1495 iunxisset,

62 1534 85 1560 20
95 1515 111 1555 si
120 1528 139 1555 se
149 1527 188 1553 nou
198 1521 216 1553 et
225 1514 283 1553 deum
292 1520 362 1553 nosset.
388 1526 440 1552 nunc
451 1519 470 1553 et
481 1515 505 1554 de
518 1513 595 1554 homine
607 1520 661 1563 tacet,
672 1514 763 1566 quoniam

94 1581 192 1622 hominem
207 1579 260 1619 illum
276 1592 333 1619 nemo
351 1574 433 1628 dubitat,
451 1585 470 1620 et
485 1581 523 1620 deo
541 1579 637 1631 seiungit
655 1581 727 1627 merito,
743 1586 766 1622 ut'

95 1647 192 1691 credituris
201 1646 305 1689 diuinitatis
315 1660 359 1687 suae
369 1647 469 1687 formulam
478 1655 562 1698 poneret.

126 1751 135 1785 9
146 1750 163 1772 se
170 1739 220 1771 uoluit
228 1739 267 1771 catti.
276 1738 312 1771 We.
365 1748 383 1780 13
394 1748 411 1770 se
418 1737 466 1771 uellet
473 1737 513 1771 coni.
522 1738 558 1771 We,
614 1746 631 1780 17
643 1748 660 1771 se
667 1739 715 1772 uellet
722 1740 763 1773 corti.

94 1796 130 1829 We.
158 1793 179 1827 ab
187 1804 261 1835 eoatse
269 1793 289 1826 ab
297 1806 316 1827 eo
324 1793 352 1826 Pa.

116 1877 130 1910 6.
153 1876 238 1916 regulam]
248 1886 274 1917 cp.
281 1875 338 1907 unni
347 1884 360 1908 r.
446 1873 536 1906 illustrares.
558 1874 583 1906 Cf.
595 1875 636 1906 Hor.
648 1876 681 1907 Sat.
691 1883 704 1907 n
716 1875 733 1907 iii
744 1886 765 1916 45

116 1922 135 1955 ib.
158 1920 197 1960 [ruo]
208 1915 414 1962 hereeqnivalentto‘nt,’
449 1918 497 1950 ‘haec
513 1928 579 1960 magnos
594 1920 662 1951 formula
677 1930 722 1962 reges
738 1931 764 1952 ex·

96 1970 122 1999 ‘as
129 1971 146 1998 to
154 1964 192 2007 say?
237 1977 239 1980 ¹
333 1990 339 1994 ,
447 1967 493 2005 cepto
504 1962 576 2005 sapiente
587 1961 641 1996 terret.⁵
663 1962 693 1996 See
701 1963 763 1996 Introd.

116 2011 135 2042 ib.
156 2010 182 2051 Jo.
198 2008 230 2040 xvii
246 2018 254 2049 3
269 2008 316 2050 Vulg.
332 2007 361 2039 has
382 2008 422 2040 ‘Ut
446 2008 477 2046 §n

95 2056 191 2098 cognoscant
201 2056 217 2084 te
227 2052 278 2083 solum
289 2051 337 2084 deum
348 2049 413 2084 uerum)
468 2059 491 2092 25,
515 2049 550 2083 The
564 2055 651 2093 argument,
666 2050 698 2084 like
716 2061 764 2094 many

118 2108 141 2140 15.
170 2097 296 2137 consequenter]
318 2093 413 2138 ‘similarly’
446 2094 499 2127 others
517 2094 533 2126 in
548 2095 575 2128 the
592 2096 661 2136 treatise,
676 2095 712 2129 falls
730 2097 764 2129 imo

95 2155 113 2176 or
121 2144 146 2175 ‘in
153 2139 271 2184 consequence,'
277 2151 299 2173 sc.
306 2140 324 2173 of
329 2140 414 2184 Hisheing
446 2139 544 2183 syllogisms:
556 2140 613 2172 thus-

95 2187 151 2230 placed
158 2192 195 2218 next
204 2192 220 2218 to
228 2185 255 2217 the
262 2185 326 2217 Father.
468 2182 489 2226 (a)
511 2184 539 2215 No
550 2194 580 2215 oric
591 2194 620 2215 can
630 2184 671 2216 have
682 2185 765 2227 anythlng,

117 2242 141 2264 ao.
163 2238 207 2262 nunc
214 2231 232 2261 et
239 2231 259 2261 de
266 2229 360 2269 nomine...]
369 2229 394 2260 ‘as
401 2228 413 2261 it
528 2228 581 2259 unless
587 2228 608 2260 he
615 2227 648 2260 first
656 2227 708 2262 exisrs

95 2277 114 2314 is,
122 2275 150 2308 He
157 2285 193 2317 says
199 2274 267 2316 nothing
275 2274 324 2306 ahont
332 2273 359 2305 the
367 2273 413 2305 Man·
432 2315 435 2321 .
512 2271 606 2347 Christldhad
618 2272 663 2314 glory
672 2273 727 2306 hciore
738 2275 766 2307 the

95 2319 149 2353 hood’
528 2326 561 2348 wor
580 2339 584 2346 .

117 2374 141 2396 ar.
164 2362 193 2394 ‘ln
206 2361 252 2394 order
263 2366 279 2393 to
289 2360 315 2403 lay
326 2360 374 2393 down
386 2360 413 2393 the
512 2359 598 2392 Therefore
608 2359 661 2393 Christ
671 2372 703 2393 was
710 2360 766 2394 before

95 2407 178 2440 definitior
187 2406 206 2438 os
214 2406 245 2438 His
255 2405 327 2446 Divinity
334 2405 358 2436 ior
368 2404 413 2437 those
528 2404 555 2436 the
562 2403 617 2436 world.

94 2453 131 2485 who
138 2450 195 2483 should
202 2448 275 2482 believe.'
298 2448 413 2482 ‘Formnla'is
467 2445 487 2490 (b)
510 2447 537 2480 No
551 2458 594 2480 mere
609 2458 648 2480 man
663 2449 711 2481 could
724 2449 765 2482 have

95 2509 104 2529 a
118 2494 191 2536 lawyer's
205 2499 250 2534 term,
261 2493 339 2536 probably
353 2493 369 2524 in
386 2504 413 2525 use
528 2492 574 2534 glory
584 2492 638 2525 before
648 2492 675 2525 the
686 2493 745 2527 nrorld:

95 2550 154 2582 among
168 2538 194 2571 the
210 2538 269 2576 Stoics3
287 2537 299 2570 it
310 2537 324 2570 is
334 2536 384 2570 found
396 2537 413 2570 in
513 2535 567 2570 Christ
583 2537 615 2570 had
629 2537 668 2570 this:
687 2538 766 2572 therefore

96 2588 161 2624 Seneca,
175 2583 229 2615 whose
240 2582 317 2615 inflnence
332 2592 352 2613 on
363 2582 385 2614 N.
401 2582 413 2614 it
529 2581 582 2614 Christ
591 2592 624 2614 was
632 2586 660 2614 not
670 2593 713 2615 mere
722 2594 765 2615 man.
