1746 2903
94 139 155 179 XXII]

261 179 263 182 Α
290 140 326 173 na
341 127 476 173 rdrwrrnra
490 141 564 172 amare
737 129 762 183 83

96 233 195 276 hominem
209 236 244 276 fert
260 249 317 287 quem
333 234 420 286 suscepit.
448 234 531 275 exinanit
545 248 571 285 se,
585 236 632 275 dum
647 234 764 289 adiniurias

95 302 258 354 contumeliasque
266 301 369 351 descendit,
378 303 424 342 dum
432 302 485 342 audit
490 301 573 351 infanda,
581 302 675 353 experitur
680 301 762 354 indigna.

95 368 150 408 cuius
159 374 223 408 tamen
232 368 343 408 humilitatis
352 369 406 408 adest
415 368 478 408 statim
488 368 572 420 egregius
584 370 660 408 fructus.
691 370 764 421 accepit

95 434 146 476 enim
156 449 224 484 armen,
234 438 284 487 quod
290 441 379 486 estsuper
387 449 438 475 omne
447 448 516 484 aaran,
527 436 580 487 quod
589 435 654 487 utique
664 450 703 476 non
712 436 764 477 aliud

96 500 223 553 intellegimus
235 515 276 542 esse
290 515 348 554 quam
362 515 432 542 nomen
445 501 481 542 dei.
508 515 553 541 nam
567 515 611 541 cum
625 500 656 542 dei
670 501 693 541 sit
707 502 783 551 solius5

95 581 137 609 esse
153 580 209 619 super
223 567 293 618 omnia,
309 581 428 620 consequens
442 576 475 618 est,
490 575 511 608 ut
524 581 595 609 nomen
608 568 655 609 illud
669 569 722 620 quod
735 577 764 610 est

96 648 152 687 super
162 647 218 674 omne
228 649 299 675 nomen
309 634 332 674 sit
340 634 386 683 eius,
397 635 430 687 qui
439 648 495 687 super
504 634 568 674 omnia
578 642 611 674 est
639 634 670 674 dei
683 642 711 674 est
720 648 764 686 ergo

96 714 168 740 nomen
177 699 224 740 illud
233 702 286 752 quod
295 714 351 752 super
358 714 415 740 omne
422 714 493 740 nomen
501 708 537 740 est:
549 702 602 751 quod
609 714 680 739 nomen
688 709 716 739 est
723 701 764 740 eius

95 766 160 817 ntique
170 773 312 817 consequenter,
322 765 359 816 qui,
368 779 411 805 cum
418 766 438 805 in
447 768 508 806 forma
515 765 546 805 dei
553 765 622 814 fuisset,
631 779 670 805 non
677 766 762 818 rapinam

95 833 195 874 arbitratus
208 840 236 873 est
248 835 347 885 aequalem
360 846 380 873 se
392 834 429 873 deo
438 847 484 873 esse.
512 832 632 885 nequeenim
642 831 658 872 si
667 846 706 873 non
715 836 762 874 deus
774 847 797 873 ιο

93 908 144 942 esset
154 899 245 947 Christus,
256 915 313 942 omne
325 914 345 941 se
358 900 377 941 in
389 900 467 942 nomine
480 901 519 941 eius
532 914 581 952 genu
594 901 682 948 flecteret,
696 903 763 943 caeles-

95 968 143 1009 tium
152 976 171 1008 et
180 968 293 1009 terrestrium
304 976 322 1009 et
333 968 461 1009 infernorum:
475 981 511 1007 nec
521 967 603 1007 nisibilia
612 976 645 1007 aut
655 967 762 1017 inuisibilia,

96 1042 129 1075 ant
137 1048 199 1074 rerum
212 1034 298 1074 omnium
310 1033 372 1074 omnis
384 1041 469 1074 creatura
481 1032 554 1073 homini
566 1041 615 1074 esset
627 1033 713 1074 subiecta
723 1034 763 1076 siue

96 1101 193 1150 substrata,
209 1115 291 1153 quaese
306 1108 350 1141 ante
366 1100 463 1141 hominem
478 1114 519 1141 esse
533 1100 654 1141 meminisset.
686 1116 709 1141 ex
724 1116 763 1154 quo

95 1168 142 1208 dum
152 1168 171 1206 r‘rr
180 1168 245 1218 forma
254 1169 283 1207 der'
293 1181 334 1208 esse
344 1166 429 1208 Christus
441 1167 514 1216 dicitur,
525 1173 544 1206 et
556 1168 601 1206 dum
613 1167 632 1207 in
645 1167 763 1208 natiuitatem
774 1181 795 1220 15

95 1235 200 1275 secundum
210 1248 285 1275 carnem
294 1248 315 1275 se
324 1232 428 1274 exinanisse
436 1240 553 1283 monstratur,
562 1241 580 1273 et
587 1234 633 1273 dum
640 1233 660 1274 id
667 1233 763 1286 accepisse

96 1313 167 1338 nomen
176 1313 187 1337 a
196 1307 249 1350 patre
258 1301 310 1350 quod
320 1299 343 1337 sit
352 1312 408 1350 super
419 1312 476 1337 omne
485 1311 555 1336 nomen
565 1299 678 1349 exprimitur,
689 1307 707 1337 et
716 1301 763 1338 dum

95 1365 115 1405 in
122 1367 200 1405 nomine
208 1365 247 1405 eius
255 1380 312 1405 omne
319 1379 369 1416 genu
376 1365 490 1413 caelestium,
499 1371 615 1404 terrenorum
622 1372 641 1404 et
647 1364 763 1404 infernorum

96 1445 116 1471 se
125 1433 200 1471 flectere
209 1439 228 1471 et
240 1445 318 1471 curuare
329 1439 448 1480 monstratur,
459 1439 477 1472 et
489 1431 526 1470 hoc
537 1430 600 1482 ipsum
612 1430 631 1470 in
642 1431 720 1483 gloriam
731 1431 763 1473 dei
779 1457 783 1460 Δ

95 1497 153 1551 patris
167 1511 273 1538 succurrere
289 1497 376 1538 asseritur
383 1513 387 1547 5
403 1505 541 1551 consequenter
554 1511 593 1537 non
607 1512 630 1538 ex
642 1497 675 1538 illo
688 1505 762 1539 tantum
773 1515 796 1540 20

96 1566 155 1605 homo
171 1573 204 1614 est,
221 1565 265 1617 qnia
282 1567 372 1606 oboediens
389 1565 437 1617 patri
446 1566 511 1616 factus
525 1571 552 1604 est
568 1566 664 1616 usquead
680 1573 761 1616 moriere,

97 1637 172 1670 mortem
190 1636 250 1669 autern
265 1632 333 1679 crrrcr's3
351 1632 385 1670 sed
403 1644 426 1670 ex
443 1631 472 1670 his
490 1630 547 1669 etiam
563 1631 619 1670 rebus
635 1631 763 1681 superioribus

129 1770 135 1792 1
145 1758 215 1791 exinanit
222 1770 233 1800 γ
240 1759 256 1792 G
263 1772 266 1792 z
278 1759 313 1792 -ivit
321 1759 348 1791 Pa.
398 1758 412 1797 6,
422 1768 430 1801 7
441 1769 500 1791 nomen
507 1758 547 1791 illud
554 1758 574 1790 sit
581 1769 628 1801 super
635 1769 682 1791 omne
689 1760 732 1802 qnod
739 1764 763 1792 est

96 1814 129 1849 eius
137 1815 164 1859 qui
171 1826 217 1859 super
225 1816 278 1848 omnia
285 1821 308 1848 est
314 1815 419 1858 eddpriores:
431 1816 500 1848 oralrrrrn
506 1816 590 1847 uerborum
597 1816 699 1854 restituimur,
707 1817 763 1849 inserto

96 1873 143 1906 uerbo
150 1882 214 1905 nomen.
274 1880 282 1915 7
291 1876 326 1915 post
333 1872 358 1904 dei
367 1872 483 1915 r'rrterpurrgrrrrt
490 1871 526 1903 edd.
534 1871 598 1914 priores.
651 1881 669 1912 15
680 1873 763 1905 natiuitate

96 1927 131 1961 We.
201 1937 221 1960 ao
231 1926 255 1959 sui
263 1927 344 1960 decurrere
353 1927 378 1959 Fr.
385 1927 422 1970 Jun.
430 1940 434 1960 :
445 1926 528 1960 succedere
535 1926 561 1958 val
567 1926 591 1959 sui
598 1927 653 1959 cedere
661 1927 685 1968 Ja.

118 2046 132 2078 ὄλ
154 2036 189 2068 The
203 2040 285 2079 argument
299 2035 318 2068 of
331 2035 362 2067 this
377 2047 414 2077 very

97 2082 148 2123 prolix
158 2092 223 2123 passage
233 2081 256 2113 is:
268 2080 304 2113 God
314 2080 327 2112 is
335 2080 385 2112 abore
393 2080 414 2112 all

97 2125 156 2168 things,
171 2125 248 2157 therefore
263 2124 313 2157 God's
331 2124 384 2156 Name
401 2124 414 2156 is

97 2170 148 2203 above
161 2169 182 2201 all
196 2169 242 2201 other
255 2180 318 2201 names:
336 2167 414 2200 therefore

97 2214 132 2246 that
143 2214 155 2245 is
165 2214 191 2245 the
201 2214 253 2245 Name
261 2213 313 2245 which
323 2212 375 2245 Christ
386 2213 414 2245 has

98 2257 219 2290 received—the
225 2258 277 2289 Name
282 2257 334 2289 which
340 2258 414 2298 properly

98 2301 177 2343 belonged
185 2306 202 2333 to
211 2301 250 2333 Him
260 2301 314 2333 before
322 2300 353 2332 His
362 2300 414 2332 Incar-

99 2345 159 2378 nation.

120 2399 144 2431 15.
161 2390 300 2430 innattuitatem]
307 2389 415 2431 ‘tothepoirrt

98 2433 116 2466 of
121 2433 164 2467 birth
172 2434 211 2466 alter
218 2434 245 2466 the
252 2433 302 2466 fleshff

121 2490 143 2521 19.
166 2480 266 2517 ingloriam
276 2480 303 2510 dei
314 2479 368 2516 patris
380 2486 416 2509 suo-

98 2523 172 2563 currere]
183 2526 209 2555 ‘to
220 2523 291 2555 redound
303 2528 320 2555 to
332 2522 358 2554 the
371 2523 415 2565 glory

98 2567 116 2598 of
126 2566 173 2600 God?
194 2567 233 2599 This
248 2567 376 2609 paraphrasetol
389 2568 415 2598 the

446 2035 507 2077 closing
525 2035 577 2067 words
598 2036 617 2067 of
635 2036 662 2068 the
680 2038 763 2078 quotation

446 2080 500 2121 brings
513 2079 556 2111 them
570 2079 604 2112 into
618 2081 675 2112 accord
689 2081 728 2112 with
743 2083 764 2114 eis

447 2125 491 2163 δόξαν
506 2125 540 2155 θεοῦ
555 2124 611 2165 πατρός
626 2125 644 2156 of
659 2124 686 2156 the
704 2125 762 2158 Greek.

447 2168 482 2200 The
495 2168 538 2200 word
550 2180 640 2201 succurrere
652 2170 690 2201 used
703 2170 719 2201 in
732 2170 763 2203 this

447 2223 492 2245 sense
501 2212 514 2243 is
523 2212 589 2244 difficult
600 2219 616 2244 to
626 2213 699 2256 paralleh
711 2214 763 2247 unless

447 2257 515 2298 perhaps
523 2256 539 2286 in
547 2257 566 2287 its
574 2257 640 2288 medical
648 2267 698 2294 sense,
709 2259 734 2289 ‘to
743 2258 763 2290 be

448 2299 515 2332 uselul’:
527 2299 567 2331 Plin.
582 2311 606 2342 31.
621 2312 638 2333 ro
651 2301 719 2332 ‘nitrum
729 2312 763 2334 suc·

448 2344 496 2376 currit
503 2349 519 2376 et
526 2344 591 2377 uenenis
599 2344 694 2387 fungorum.¹

469 2399 493 2421 ao.
517 2397 537 2420 ex
543 2389 693 2429 1110...quta]‘sr0m
700 2390 727 2421 the
733 2390 764 2422 fact

448 2431 493 2466 that!
518 2432 553 2464 The
573 2432 651 2466 ‘tantum'
669 2444 707 2476 goes
725 2434 768 2474 with

450 2478 520 2517 ‘homo‚y
532 2483 559 2509 not
571 2478 609 2510 with
621 2483 649 2510 'ex
662 2478 702 2510 illo'

469 2533 494 2554 ar.
526 2522 584 2554 ‘From
612 2523 655 2556 these
683 2524 765 2567 foregoing

448 2566 502 2608 proofs
512 2566 565 2597 which
577 2567 639 2599 declare
650 2567 677 2598 the
692 2568 765 2609 Divinity

664 2636 712 2672 6-2
