1746 2903
78 153 152 194 XXVII]
280 153 315 187 DE
331 152 464 186 TRINITATE
478 154 551 188 LIBER
721 155 749 197 99

78 260 129 301 sunt,
139 253 231 292 habentes
245 253 265 291 in
277 254 315 302 fide
327 253 443 302 societatem,
458 253 515 293 etiarn
527 254 543 293 si
556 263 621 306 gerant
633 256 652 293 in
665 257 750 307 personis

79 319 215 361 diuersitatem.
255 351 257 354 .

120 387 209 438 Denique
216 400 259 427 curn
268 388 292 427 ad
301 388 336 427 hos
344 400 403 427 uoces
412 386 486 427 domini
494 385 589 438 imperitia
597 388 663 428 fuisset
672 387 751 430 Iudaica

79 461 178 494 commota
187 460 206 493 et
215 460 286 494 temere
295 454 320 494 ad
330 466 390 505 usque
401 466 444 493 saxa
454 465 551 500 succensa,
561 452 587 493 ita
596 460 617 494 ut
626 452 752 495 discurrerent

80 529 100 560 et
113 520 208 560 dicerent:
222 533 258 558 non
272 527 288 559 te
299 521 404 571 lapidamus
412 526 490 571 propter
502 521 568 559 borium
580 528 628 570 noio,
639 523 670 559 sed
675 528 771 572 proptm

79 586 216 641 blasphement,
232 590 249 623 et
261 586 305 636 quia
319 589 344 633 iti,
359 598 399 624 cnm
412 586 463 625 homo
476 585 506 634 sis,
515 586 566 637 facis
577 591 594 625 ie
606 588 663 636 derna,
676 586 752 628 distinc-

80 653 154 694 tionem
163 651 227 706 posuit
236 652 325 693 dominus
334 651 354 692 in
363 652 436 694 ratione
445 653 548 703 reddenda,
557 654 655 706 quomodo
664 649 751 696 sedeunt

59 767 61 769 ‚
80 728 115 761 aut
124 721 201 761 dixisset
210 727 243 760 aut
252 719 335 772 intellegi
345 722 406 760 uellet.
428 734 479 772 quem
484 726 541 770 pater
548 723 674 773 sanctificanti,
685 722 751 775 inquit,

81 793 101 826 et
115 787 166 826 mini
180 787 200 824 in
215 786 264 825 lzunc
277 785 372 834 nitendum,
387 799 419 826 uos
434 786 497 835 dicitis,
514 787 558 836 qnia
576 787 694 838 blaphemias,
708 789 753 838 quia

81 854 129 902 diti,
142 853 198 903 filius
219 853 249 890 dei
267 855 322 891 sum?
357 852 414 891 etiam
432 852 463 891 hic
481 859 554 903 patrem
573 852 643 891 hebere
661 866 682 892 se
700 854 751 892 dixit.
764 867 787 892 10

82 918 132 958 filius
146 924 175 958 est
187 930 237 969 ergo,
250 930 290 957 non
304 923 456 970 pater-patrem
471 917 522 957 enirn
536 918 634 957 confessus
648 931 668 957 se
682 918 752 969 fuisset,

82 985 100 1024 si
112 991 185 1037 patrem
197 998 218 1024 se
227 998 269 1024 esse
282 983 444 1025 meminisset—et
453 983 592 1025 sanctificatum
604 999 625 1026 se
636 999 692 1026 asuo
701 994 754 1039 petre

83 1065 126 1092 esse
144 1050 239 1103 proponit.
267 1052 313 1091 dum
331 1064 376 1102 ergo
393 1051 462 1103 accipit
480 1051 649 1092 sanctificationem
667 1065 678 1091 a
695 1060 752 1104 petre,

84 1116 146 1157 minor
157 1123 209 1170 patre
221 1123 260 1157 est:
275 1118 336 1157 minor
348 1124 412 1157 autem
424 1124 477 1170 patre
489 1124 627 1169 consequenter
636 1115 683 1171 [non
693 1117 753 1173 pater]

83 1191 118 1232 est,
128 1185 162 1223 sed
173 1182 227 1222 filius.
255 1190 308 1233 pater
320 1182 370 1221 enim
381 1183 396 1222 si
405 1183 475 1231 fuisset,
486 1184 655 1224 sanctificationem
665 1185 753 1234 dedisset,
765 1194 786 1233 15

84 1263 123 1289 non
137 1248 245 1301 accepisset.
273 1263 325 1288 nunc
336 1256 400 1288 autem
413 1249 520 1301 profitendo
532 1263 552 1289 se
565 1248 661 1302 accepisse
674 1250 754 1291 sanctifi-

84 1315 180 1355 cationem
193 1329 204 1354 a
216 1323 273 1367 patre,
284 1316 321 1355 hoc
335 1314 382 1367 ipso,
396 1329 434 1367 quo
443 1324 496 1368 petre
509 1330 529 1355 se
539 1315 631 1356 minorem
642 1316 755 1369 accipiendo

84 1382 110 1421 ab
125 1381 167 1433 ipso
184 1383 353 1422 sanctificationem
368 1382 443 1433 probat,
458 1381 518 1422 filium
532 1396 552 1422 se
566 1396 612 1431 esse,
629 1396 669 1423 non
682 1391 755 1435 patrem

37 1486 39 1488 ,
86 1448 202 1489 monstrauit.
230 1449 309 1489 missum
322 1456 417 1501 praeterea
428 1462 448 1489 se
458 1462 499 1489 esse
508 1449 559 1499 dicit,
569 1457 590 1489 ut
599 1463 632 1501 per
641 1450 690 1489 hanc
700 1450 756 1490 oboe-

85 1516 182 1564 dientiam,
193 1528 231 1567 qua
244 1516 296 1555 uenit
310 1515 400 1556 dominus
414 1515 500 1556 Christus
514 1515 588 1564 missus,
603 1529 642 1555 non
655 1522 708 1567 pater
721 1517 756 1556 sed
766 1531 789 1555 ρο

85 1581 135 1622 filius
152 1581 246 1636 probetur,
261 1581 294 1634 qui
308 1580 390 1622 misisset
407 1581 478 1634 utique,
493 1580 509 1620 si
522 1588 575 1634 pater
587 1581 658 1623 fuisset.
688 1582 756 1623 missus

86 1657 151 1689 autern
169 1662 208 1689 non
226 1649 261 1688 fuit
278 1655 336 1701 puter,
355 1661 379 1688 ne
399 1655 452 1700 pater
470 1648 556 1687 subditus
576 1648 629 1688 alteri
648 1650 690 1699 deo,
710 1650 756 1689 dum

88 1715 171 1764 mittitur,
182 1715 297 1766 probaretur.
325 1721 344 1753 et
356 1721 420 1754 tamen
432 1713 532 1765 posthaec
544 1713 606 1762 adicit,
617 1715 670 1766 quod
679 1727 757 1754 omnem

86 1780 167 1821 omnino
174 1779 316 1831 ambiguitatem
323 1779 435 1819 dissolueret
443 1787 461 1819 et
468 1785 527 1819 totam
536 1778 683 1819 controuersiam
691 1779 757 1819 erroris

87 1847 218 1899 exstingueret.
246 1846 271 1886 ait
283 1847 334 1886 enim
346 1845 366 1885 in
382 1845 448 1885 ultima
459 1852 513 1897 parte
526 1847 630 1885 sermonis:
646 1859 678 1884 uos
692 1846 756 1894 dicitt's,
768 1859 789 1897 25

88 1915 133 1964 quia
146 1913 263 1964 blasphemas,
275 1914 319 1965 quia
331 1912 377 1962 dixi,
382 1912 437 1963 filius
450 1911 479 1951 dei
491 1912 547 1950 sum?
573 1925 617 1964 ergo
632 1910 647 1951 si
660 1910 758 1951 euidenter

88 1980 148 2020 filium
157 1980 246 2021 dominus
254 1993 279 2029 se,
287 1993 327 2020 non
333 1985 411 2030 patrem,
420 1992 461 2019 esse
468 1984 551 2026 testatur,
560 1991 639 2029 magnae
648 1977 758 2018 temeritatis

88 2053 107 2086 et
118 2045 199 2099 ingentis
212 2053 240 2086 est
252 2046 319 2086 furoris
330 2046 438 2097 exemplum
451 2050 517 2084 contra
530 2043 588 2095 ipsius
601 2042 671 2085 Christi
685 2043 759 2083 domini

87 2112 219 2153 testimonium
231 2112 380 2154 controuersiam
393 2110 497 2153 diuinitatis
511 2118 529 2151 et
542 2111 637 2163 religionis
650 2110 725 2162 agitare,
740 2119 759 2152 et

122 2195 140 2225 14
151 2195 183 2217 non
191 2189 236 2225 pater
244 2185 274 2217 ins.
284 2185 320 2217 We
395 2184 414 2216 16
424 2184 471 2215 uerba
482 2187 498 2214 et
509 2192 551 2214 nunc
562 2182 687 2215 autentjhlium
697 2193 715 2215 se
725 2193 759 2215 esse

88 2250 109 2270 ex
116 2251 126 2270 α
132 2239 182 2281 schpl·
191 2239 218 2275 Pa,
226 2240 253 2270 sed
258 2240 340 2271 delendum
347 2243 363 2270 et
370 2251 374 2270 ι
385 2239 416 2270 hoe
423 2239 458 2281 ipso
465 2238 577 2281 qno...probat
583 2250 612 2270 om.
622 2250 638 2278 γ.
687 2247 705 2280 17
716 2250 748 2281 quo
755 2252 759 2271 :

90 2295 149 2337 ?quod.

89 2439 90 2442 Ἴ
111 2366 126 2433 h.
148 2356 409 2433 l0T‘h23fi„d1„dd0„„„di„
441 2354 760 2442 logselytihileliniilaigihalliiffigielhlii

90 2444 162 2484 tinction,
171 2444 218 2476 while
228 2444 287 2487 stating
296 2444 323 2476 the
333 2443 410 2486 principle
441 2443 463 2485 by
473 2442 533 2475 dicitis:
550 2445 587 2485 ‘say
597 2454 617 2485 ye
627 2442 646 2474 of
654 2442 700 2482 Him,
712 2443 760 2475 Thou

91 2498 134 2530 upon
147 2488 198 2521 which
211 2489 238 2521 He
249 2488 280 2521 had
291 2489 326 2521 said
337 2488 371 2521 that
382 2488 410 2520 He
442 2485 565 2528 blasphemes?
577 2487 611 2529 'Jo
619 2497 630 2520 x
638 2485 662 2527 36.

92 2543 124 2564 was
132 2532 169 2565 God
177 2542 195 2564 or
200 2531 259 2578 wished
264 2531 295 2564 this
303 2537 319 2565 to
326 2531 347 2564 be
354 2531 410 2564 under·
464 2540 489 2573 29.
511 2531 545 2562 ‘To
551 2534 574 2563 set
582 2530 653 2573 agoinga
660 2534 761 2574 controversy

92 2576 150 2609 stood!
443 2575 491 2608 about
502 2574 529 2607 the
538 2575 597 2608 Divine
605 2579 661 2608 nature
670 2575 702 2607 and
712 2575 761 2608 about

661 2654 708 2694 7-2
