1746 2903
80 186 129 228 XIX]
277 188 312 221 DE
328 189 344 221 T
342 188 398 221 RINI
398 188 414 220 Τ
412 189 426 220 Α
431 188 462 221 TE
475 188 549 221 LIBER
722 186 746 231 71

82 299 126 326 cum
140 299 179 336 quo
192 286 298 326 luctabatur
311 285 364 326 fortis
377 285 478 332 inuenitur,
489 292 507 325 et
520 284 673 325 benedictionem
687 287 711 326 ab
725 301 749 327 eo

82 365 140 404 quem
149 351 247 392 detinebat
255 350 338 403 postulat
348 341 393 403 quia
400 348 438 389 iam
447 349 513 389 lucifer
522 350 585 397 oritur,
592 349 636 390 ideo
644 353 750 403 postulasse

82 417 178 470 reperitur,
195 417 231 459 nisi
246 416 337 469 quoniam
352 416 512 469 praefigurabatur
527 416 624 457 contentio
639 418 687 457 haec
702 417 750 459 inter

83 483 180 524 Christum
196 490 215 523 et
233 482 281 523 filios
299 482 358 523 Iacob
376 483 443 532 futura,
462 495 511 533 quae
528 481 548 522 in
566 481 664 534 euangelio
682 482 750 523 dicitur

83 554 180 603 perfecta?
208 539 274 591 centra
283 552 334 590 hunc
343 549 394 590 enim
404 550 501 590 hominem
511 552 622 590 colluctatus
632 558 660 591 est
668 552 750 602 populus
759 562 768 600 5

83 618 148 666 Iacob,
155 616 175 657 in
181 630 219 668 qua
225 615 358 657 colluctatione
365 616 460 668 potentior
467 617 548 668 populus
555 624 583 656 est
591 617 650 656 Iacob
660 624 748 670 repertus,

83 685 154 738 quippe
168 698 212 725 cum
225 685 315 725 aduersus
328 682 425 725 Christum
438 681 541 736 iniquitatis
555 697 600 724 suae
614 682 712 725 uictoriam
726 684 750 725 sit

83 759 208 791 consecutus:
225 765 263 803 quo
278 750 299 790 in
313 757 403 802 tempore,
420 757 496 802 propter
511 750 583 790 facinus
597 753 650 802 quod
668 751 749 802 admisit,

83 818 158 859 incessu
170 816 215 858 fidei
227 816 313 869 propriae
325 823 344 857 et
356 815 420 856 salutis
431 816 537 857 claudicare
549 816 658 868 grauissime
667 816 749 859 incertus

83 890 102 923 et
111 882 194 922 lubricus
205 881 276 933 coepit:
290 881 327 933 qui,
338 880 425 932 quamuis
438 881 521 932 superior
530 882 640 921 damnando
653 883 749 923 Christum
760 894 783 918 10

83 955 172 1001 repertus,
187 955 228 1001 eget
246 955 310 987 tamen
327 946 386 999 ipsius
401 945 534 996 misericordia,
551 954 593 999 eget
610 954 674 988 tamen
691 947 750 1000 ipsius

82 1015 221 1057 benedictione.
249 1015 347 1056 sedenim
362 1015 393 1055 hic
407 1016 471 1063 homo,
486 1014 519 1067 qui
534 1029 578 1055 cum
594 1017 654 1056 Iacob
668 1017 749 1057 luctatus

83 1090 122 1123 est:
136 1096 178 1132 aaa,
192 1081 258 1135 inquit,
272 1083 366 1122 arcuatur
378 1082 433 1121 enam
446 1094 495 1121 acra
507 1095 570 1120 nemea
583 1087 635 1121 tamn
647 1084 707 1132 Iacob,
720 1085 752 1122 sed

83 1152 145 1190 Israel
154 1151 189 1189 aad
200 1162 263 1189 narizan
276 1154 333 1189 taetra.
361 1161 383 1188 ac
395 1149 411 1188 si
424 1149 482 1188 Israel
494 1155 522 1188 est
534 1149 593 1189 homo
606 1148 673 1190 uidens
685 1151 748 1200 deum,

83 1219 178 1268 eleganter
191 1217 304 1255 ostendebat
318 1215 407 1255 dominus
421 1216 474 1266 quod
487 1229 526 1253 non
538 1222 612 1254 tantum
623 1216 682 1255 homo
693 1224 747 1265 esset,
759 1230 780 1269 15
790 1220 794 1223 ’

83 1282 116 1334 qui
126 1282 269 1334 ,colluctabatur
286 1289 332 1320 tunc
350 1294 393 1320 cum
412 1281 476 1329 Iacob,
495 1281 529 1320 sed
547 1287 566 1321 et
583 1283 636 1322 deus.
671 1282 749 1323 uidebat

84 1348 149 1401 utique
158 1350 216 1389 deum
226 1348 293 1395 Iacob,
302 1360 345 1386 cum
356 1360 394 1398 quo
403 1348 545 1396 colluctabatur,
556 1348 642 1399 quamuis
651 1349 750 1390 hominem

82 1415 141 1467 ipsius
151 1416 170 1455 in
180 1413 313 1455 colluctatione
322 1412 414 1453 retineret.
442 1420 461 1453 et
470 1421 490 1453 ut
499 1416 551 1454 nulla
560 1416 623 1455 adhuc
633 1424 698 1468 posset
708 1430 749 1458 esse

83 1482 182 1532 dubitatio,
192 1479 366 1534 interpretationem
375 1479 415 1532 ipse
424 1480 488 1532 posuit
497 1480 587 1522 dicendo:
599 1483 643 1532 qiua
652 1484 752 1524 tarcalut‘stt'

83 1563 122 1589 cam
135 1550 171 1596 deo,
188 1553 256 1588 etcum
269 1547 372 1587 tranantur
383 1551 449 1597 pareas
463 1560 485 1586 er.
518 1548 544 1587 ob
558 1561 614 1599 quam
629 1563 705 1589 causam
718 1550 749 1591 hic
759 1549 783 1592 ao

83 1615 134 1656 idem
156 1614 215 1655 Iacob
236 1613 346 1664 intellegens
364 1611 401 1651 iam
419 1612 458 1652 uim
477 1613 593 1663 sacramenti,
612 1620 632 1653 et
648 1615 759 1666 peruidens—

83 1680 214 1721 auctoritatem
225 1679 265 1720 eius
275 1692 318 1719 cum
328 1691 366 1730 quo
376 1681 457 1719 luctatus
466 1679 536 1729 fuisset,
546 1693 617 1720 nomen
626 1681 663 1721 loci
671 1681 721 1722 illius
729 1682 750 1722 in

83 1761 122 1799 quo
129 1748 241 1787 colluctatus
248 1753 281 1795 est,
289 1743 366 1784 uocauit
375 1745 462 1784 arationem
471 1746 504 1785 dei.
526 1745 648 1798 superstruxit
654 1755 750 1799 praeterea

83 1828 149 1855 causas
167 1815 192 1854 ad
210 1812 382 1864 interpretationem
403 1813 481 1851 cisionis
500 1813 530 1850 da·
547 1812 689 1865 porrigendam:
710 1816 753 1855 atat

142 1922 160 1951 ¹4
171 1910 236 1943 uincens
243 1910 282 1942 carri.
291 1909 327 1941 We.
385 1918 405 1949 aa,
415 1907 480 1941 uisionis
486 1919 516 1941 aaa
525 1909 596 1952 priores:
607 1910 638 1943 ias.
647 1910 682 1942 We.

83 1995 100 2026 in
117 1995 143 2026 the
158 1994 213 2025 notiori
227 1992 245 2023 of
258 1992 349 2034 iniquitatis
362 2001 400 2022 saraa
432 1991 463 2021 and
471 1990 540 2033 slipping
547 1991 564 2022 in
571 1991 591 2023 its
598 1993 664 2024 course.¹

82 2038 169 2078 uictoriam,
183 2037 210 2069 the
225 2034 291 2067 ‘mans’
303 2033 400 2078 unqualified
454 2045 477 2075 14.
499 2036 559 2066 uidens
571 2035 628 2075 deum]
641 2046 659 2068 so
672 2035 719 2068 Philo
731 2038 750 2069 de

83 2079 217 2122 commendation)
230 2085 307 2113 contrasts
320 2079 359 2112 with
373 2079 400 2112 the
432 2079 493 2111 Atrat.
506 2089 523 2122 p.
536 2080 565 2121 358
574 2076 640 2122 Ἰσραὴλ
651 2080 750 2122 ἑρμηνεύεται

83 2127 114 2161 fine
131 2125 228 2170 application
244 2124 262 2157 of
276 2125 302 2157 the
318 2129 366 2166 story,
383 2123 400 2155 in
433 2123 470 2165 ὁρῶν
485 2124 531 2157 ecta:
549 2134 570 2156 an
587 2124 707 2168 interpretation
721 2131 749 2159 not

83 2171 149 2205 Charles
158 2169 234 2212 Wesley's
245 2170 294 2212 hymn
300 2204 301 2211 ,
308 2168 371 2207 ‘Coma
384 2167 399 2201 Ο
432 2168 507 2209 accepted
514 2168 568 2210 hythe
575 2169 657 2202 modems:
666 2180 681 2202 v.
689 2170 749 2203 critical

83 2216 130 2248 Thou
145 2214 226 2247 Traveller
236 2213 329 2252 unhuoun'
342 2217 359 2245 to
373 2213 400 2244 the
432 2217 474 2243 note.

83 2256 400 2302 Christianinprayer.The‘ide0¹relers
454 2264 477 2298 17.
501 2257 606 2297 cuamuu...]
617 2257 685 2300 ‘though
695 2258 708 2291 it
717 2270 750 2293 was
775 2261 776 2264 ’

83 2305 125 2336 back
132 2309 149 2336 to
157 2305 183 2336 the
192 2304 237 2345 ‘quia
242 2303 274 2334 iam
279 2301 334 2333 lucifer
339 2300 400 2340 oritur,’
433 2311 442 2332 a
452 2311 490 2332 man
501 2301 535 2333 that
545 2301 566 2333 he
576 2312 609 2333 was
619 2301 685 2344 holding
696 2302 713 2334 in
725 2303 750 2336 his

83 2353 111 2380 nol
121 2347 189 2379 forward
198 2352 215 2378 to
223 2346 250 2378 the
263 2345 299 2377 ‘nisi
311 2343 400 2387 quoniam)
432 2344 480 2386 grip)

84 2393 99 2425 1t
107 2402 173 2435 appears
183 2390 261 2423 therefore
270 2390 305 2423 that
315 2388 336 2421 N.
344 2389 400 2421 under·
454 2399 478 2420 ar.
507 2389 608 2425 Intellegens
630 2390 665 2420 iam
687 2391 751 2432 uim..,]

83 2436 130 2470 stood
139 2435 201 2468 ‘lucifer
207 2433 284 2467 oritur'to
290 2433 401 2476 heamystical
435 2433 506 2475 ‘coming
520 2437 537 2466 to
551 2433 623 2475 perceive
636 2433 663 2467 the
676 2435 752 2478 meaning

83 2480 164 2525 prophecy
171 2479 189 2512 of
194 2478 221 2512 the
229 2478 292 2521 coming
299 2477 317 2511 ol
323 2477 381 2512 Christ.
433 2476 452 2511 of
460 2476 487 2511 the
498 2483 571 2520 mystery,
582 2478 613 2510 and
624 2478 723 2522 penetrating
734 2485 751 2513 to

104 2534 118 2568 9.
142 2526 208 2555 incessu
225 2524 291 2562 fidei...]
309 2523 370 2564 ‘began
384 2527 401 2553 to
433 2522 461 2553 the
474 2521 541 2563 majesty
554 2521 572 2553 ol
584 2522 624 2553 Hlm
635 2523 674 2554 with
686 2524 751 2564 whom,’

82 2569 117 2602 halt
124 2572 165 2601 most
172 2567 247 2609 seriously
254 2566 271 2599 in
278 2567 305 2599 the
312 2567 345 2609 gait
354 2565 373 2598 of
381 2566 401 2599 its
433 2570 463 2599 etc.
482 2566 514 2598 For
521 2570 642 2607 racrmuentum,
651 2577 678 2599 see
685 2573 723 2600 note
730 2578 752 2601 on

84 2623 120 2648 own
130 2612 170 2646 saith
180 2611 212 2644 and
222 2611 305 2651 salvadeu,
315 2610 402 2654 stumbling
433 2621 449 2654 p.
459 2617 474 2651 5.
482 2612 497 2643 8.
