1746 2903
63 179 126 219 nuru,
135 179 190 219 nnn]

257 180 293 212 DE
309 179 444 213 TRINJTATE
458 178 532 212 LIBER
704 178 728 220 91

64 277 127 325 deum,
137 275 235 327 accipiant,
246 275 358 328 atqueideo
371 273 468 317 Christum
481 276 544 316 lesum
557 273 657 316 dominum
666 274 695 327 (ut
706 275 732 316 ita

63 343 150 395 dixerim)
161 357 184 383 ex
192 351 273 394 utroque
284 350 393 383 contextum
405 350 462 394 atque
473 349 588 391 concretum,
602 349 620 382 et
632 339 652 381 in
664 343 731 382 eadem

64 411 161 462 utriusque
170 409 286 451 substantiae
295 409 397 450 eoncordia
405 408 465 450 mutui
474 409 499 449 ad
508 408 591 449 inuicem
601 407 681 449 foederis
689 421 733 448 con-

63 476 175 518 fibulatione
184 476 282 525 sociatum,
292 476 391 516 hominem
404 472 422 516 et
433 477 496 524 deum,
507 475 609 527 scripturae
619 476 657 515 hoc
669 474 732 525 ipsum

65 542 146 585 dicentis
155 543 239 590 ueritate,
250 549 371 594 cognoscant.

31 612 55 651 25
103 611 164 649 XXV.
192 611 247 661 Ergo,
260 609 352 661 inquiunt,
367 608 382 648 si
395 608 480 649 Christus
493 621 532 649 non
544 609 603 648 homo
616 615 645 648 est
658 616 731 648 tantum

64 678 99 718 sed
117 678 203 725 etdeus,
217 675 315 718 Christum
330 683 394 716 autern
410 677 465 716 refert
481 678 572 728 scriptura
587 683 683 716 mortuum
698 689 732 727 pro

64 743 120 785 nohis
132 751 150 783 et
162 743 299 792 resuscitatum,
312 742 350 783 ianr
363 744 420 784 docet
433 757 468 784 nos
482 743 573 794 scriptura
586 745 662 784 credere
674 744 731 784 deum

65 817 171 850 mortuum:
185 816 217 848 aut
230 808 245 848 si
258 810 305 849 deus
319 822 358 848 non
372 808 456 859 moritur,
469 808 555 850 Christus
570 816 633 849 autem
648 817 732 848 mortuus

64 877 146 924 refertur,
165 888 204 915 non
221 874 256 916 erit
273 875 359 916 Christus
377 877 429 926 dens,
446 875 536 929 qnoniam
555 876 602 916 deus
617 888 656 914 non
671 883 733 927 potest
744 886 768 911 ro

64 943 125 995 accipi
142 950 232 983 mortuus.
260 943 275 983 si
293 956 384 995 umquam

402 942 532 994 intellegerent
549 950 581 982 aut
599 941 734 982 intellexissent

65 1013 118 1063 quod
133 1012 202 1063 legunt,
219 1024 323 1062 numquam
340 1019 378 1051 tam
394 1009 499 1062 periculose
513 1010 591 1050 omnino
607 1011 732 1061 loquerentur.

65 1077 99 1117 sed
110 1076 176 1117 erroris
186 1090 261 1128 semper
270 1083 298 1116 est
309 1077 389 1128 abrupta
398 1076 495 1116 dementia
500 1090 505 1125 3
520 1084 538 1117 et
547 1090 586 1116 non
596 1084 624 1117 est
635 1089 707 1116 nouum
719 1074 734 1115 si

65 1158 126 1196 usque
135 1146 160 1184 ad
169 1144 274 1195 periculosa
288 1145 412 1193 descendunt,
427 1144 459 1196 qni
471 1145 529 1185 fidem
541 1144 643 1196 legitimam
656 1143 733 1195 relique·

65 1217 113 1251 runt.
148 1211 164 1250 si
179 1211 230 1251 enim
246 1210 338 1262 scriptura
355 1219 469 1263 proponeret
485 1210 582 1252 Christum
599 1211 733 1251 tantummodo
744 1218 766 1258 15

66 1279 129 1326 deum,
144 1286 163 1317 et
176 1279 228 1317 nulla
241 1277 261 1317 in
275 1278 307 1317 illo
321 1277 423 1330 fragilitatis
436 1280 530 1318 humanae
542 1277 620 1319 sociatio
633 1286 682 1319 esset
694 1292 733 1331 per-

65 1343 128 1393 mixta,
144 1343 210 1384 merito
226 1344 302 1383 illorum
318 1343 348 1384 hic
363 1343 434 1395 aliquid
448 1345 538 1385 ualuisset
554 1359 615 1385 sermo
630 1352 732 1395 contortus,

67 1411 93 1451 ‘si
107 1410 193 1452 Christus
207 1412 259 1460 dens,
273 1410 359 1452 Christus
373 1418 436 1451 antem
449 1418 539 1461 mortuns,
553 1425 597 1463 ergo
609 1419 694 1451 mortuus
706 1417 734 1450 est

66 1477 125 1515 deus’
152 1477 185 1515 sed
198 1490 241 1514 cum
256 1490 296 1515 non
311 1479 444 1516 tantummodo
456 1477 515 1525 illum,
528 1485 549 1516 ut
564 1477 681 1517 ostendimus
695 1477 734 1516 iam

140 1620 147 1640 1
156 1614 192 1651 post
199 1609 281 1641 dominum
289 1609 323 1641 edd,
329 1609 392 1650 priores
399 1620 419 1642 ex
425 1615 492 1652 utroque
499 1621 577 1642 conexum
584 1623 587 1642 :
599 1622 628 1643 ooo,
635 1610 660 1653 Ja.

87 1745 102 1768 a.
124 1737 143 1767 in
155 1735 220 1774 eadem]
232 1734 277 1767 ‘with
287 1734 337 1766 either
349 1733 384 1766 suh-

66 1783 120 1811 stance
134 1778 204 1821 meeting
218 1778 234 1811 in
249 1778 276 1811 the
290 1779 334 1820 elasp
346 1778 364 1810 of
376 1788 386 1810 a

66 1822 152 1864 reciprocal
160 1823 208 1860 hond,
217 1822 230 1855 is
238 1822 275 1855 God
283 1823 314 1855 and
322 1822 361 1854 Man
369 1821 385 1855 in

66 1865 108 1900 one)
132 1866 162 1910 Cp.
182 1878 197 1911 p.
213 1878 238 1910 45.
254 1867 263 1899 8
282 1866 384 1910 ‘scripturam

67 1912 175 1955 euangelicam
190 1917 273 1954 utramque
287 1912 334 1944 istam
349 1912 384 1944 sub-

67 1956 140 1988 stantiam
148 1957 165 1988 in
174 1967 221 1988 unam
232 1955 318 1988 natiuitatis
326 1955 385 1988 Christi

67 1999 156 2033 foederasse
163 2000 275 2033 concordiam?

88 2045 142 2076 XXV.
170 2045 201 2077 The
218 2044 286 2077 horetics'
306 2044 385 2086 objections

62 2085 130 2129 footim
140 2088 292 2120 consideret-Thai
302 2088 320 2130 if
332 2087 386 2120 Christ

67 2131 82 2163 is
89 2137 116 2163 not
122 2132 159 2173 only
166 2142 204 2164 inan
213 2132 241 2163 tot
251 2131 288 2168 Gori,
296 2131 330 2163 aoid
337 2131 355 2173 is
360 2131 386 2164 Ha

67 2176 105 2209 diod
111 2177 147 2209 ond
154 2188 187 2209 rosc
197 2177 249 2220 agatii,
262 2176 342 2219 itfhlioats
351 2175 387 2208 thot

68 2222 149 2264 Scriptum
160 2222 217 2254 toacher
227 2222 262 2254 thot
274 2222 308 2254 Goo
316 2221 359 2254 died:
370 2232 385 2253 so

67 2266 103 2298 thot
119 2267 172 2299 Christ
185 2271 241 2298 cannot
256 2266 272 2298 ho
287 2266 324 2298 God.
349 2265 386 2298 This

68 2310 106 2342 rosh
117 2310 188 2352 abjectiora
199 2311 253 2342 would
261 2310 302 2347 hold,
310 2310 328 2352 if
334 2310 386 2352 Scrip·

68 2357 103 2387 titre
117 2355 187 2387 declarati
203 2354 238 2387 that
257 2354 310 2387 Christ
324 2354 338 2386 ts
355 2354 388 2387 Gad

68 2399 109 2439 only,
124 2399 191 2431 without
207 2399 298 2431 oriooixtroo
314 2398 334 2440 of
344 2400 387 2431 roeoh

68 2440 158 2482 homohity.
180 2442 214 2473 Boi
224 2442 305 2483 Scrittore
316 2442 349 2483 does
360 2447 387 2473 not

68 2496 84 2517 so
96 2485 165 2523 dociore;
179 2485 214 2517 aiod
223 2486 258 2518 thot
267 2485 318 2517 ruhich
331 2485 345 2517 ir
357 2485 385 2517 im-

69 2531 127 2562 moriat
135 2530 152 2561 io
161 2530 202 2562 Htm
212 2530 292 2562 rooooined
300 2531 385 2572 iocorropi.

69 2574 118 2615 Deity
128 2574 141 2606 is
151 2574 242 2617 iomarsihie,
251 2575 335 2615 humonity
341 2580 385 2618 pass-

69 2618 102 2650 ihio.
125 2620 142 2650 It
152 2629 184 2651 mos
196 2620 221 2651 the
230 2620 299 2652 Holmon
310 2620 327 2651 in
339 2619 386 2657 Him,

417 1739 444 1766 not
454 1734 480 1766 the
489 1734 555 1774 Divino,
566 1734 617 1767 rohhh
627 1735 666 1767 ciied.
688 1736 734 1767 Eoo

417 1779 456 1810 nrith
463 1779 506 1811 otho
515 1790 555 1816 men,
563 1779 576 1810 it
586 1780 600 1811 is
610 1779 681 1821 theflesh
691 1780 736 1811 alono

417 1822 468 1855 ouhich
474 1822 510 1855 dies.
524 1823 631 1864 [ormootottty
637 1824 650 1855 is
656 1823 680 1855 the
685 1823 734 1855 birth·

417 1866 461 1910 opit
467 1866 486 1909 ‘ff
489 1867 515 1899 tho
521 1866 583 1900 horinon
590 1868 632 1901 soni:
641 1866 687 1899 moch
694 1877 737 1900 more

417 1913 454 1944 then
462 1912 481 1954 os
485 1913 510 1944 the
521 1912 570 1944 Word
574 1912 594 1955 of
599 1912 632 1945 Cori
637 1913 672 1945 who
678 1916 736 1945 cannot

418 1956 433 1988 de
439 1960 472 1998 pat
480 1959 495 1988 to
503 1956 548 1988 droth
558 1956 577 1997 ly
586 1957 647 1989 huonon
657 1962 708 1997 pomer
717 1967 737 1989 or

418 2002 481 2041 crtielty.
504 2002 536 2032 For
547 2001 573 2032 tte
585 2002 621 2032 sotii
632 2012 665 2032 war
677 2001 737 2033 created

417 2044 485 2085 through
499 2045 523 2076 the
538 2045 586 2077 Wooo'
598 2045 618 2085 of
629 2045 666 2077 God.
692 2045 736 2077 Thoas

418 2089 443 2120 tho
457 2088 506 2120 Woo
513 2099 547 2121 war
557 2093 584 2121 not
593 2089 610 2120 in
621 2089 653 2121 His
665 2089 739 2121 Godhead

418 2132 483 2173 brought
493 2136 508 2164 to
519 2133 603 2174 mortoiz'ty.
625 2134 671 2165 Eom
682 2134 700 2165 in
711 2132 736 2165 tho

418 2175 478 2220 caseos
485 2176 511 2209 tho
519 2176 617 2216 patriarcis,
627 2176 652 2209 tto
659 2180 712 2219 potior
720 2177 741 2220 of

418 2221 463 2254 death
470 2222 533 2254 oooilad
538 2221 574 2263 only
581 2222 645 2264 agmiost
651 2222 676 2254 the
683 2221 725 2262 hoo'y.

441 2275 463 2306 13-
477 2267 606 2309 abruptamrop
615 2266 735 2309 ‘precipitous⁵:

418 2311 468 2343 hence
477 2310 579 2353 ‘desperate’
588 2309 690 2351 ‘foolhardys

441 2364 465 2395 17.
487 2354 736 2396 meritoissorum...contortus]

420 2400 470 2432 ‘their
489 2410 561 2440 peruerse
581 2404 663 2441 argument
683 2400 736 2432 would

418 2443 458 2474 have
466 2443 508 2474 been
517 2442 534 2473 in
543 2442 574 2475 this
583 2453 618 2475 case
629 2444 712 2484 deserving
720 2444 739 2476 of

418 2496 462 2519 some
468 2486 595 2519 consideration’
610 2486 679 2528 CpCic.
686 2487 736 2519 Acori.

418 2530 430 2563 ii
441 2538 459 2573 75
469 2532 549 2563 ‘contorta
556 2535 571 2562 et
580 2530 651 2563 aculeata
658 2531 737 2573 quaedam

419 2575 528 2618 sophismata’
