1746 2903
60 183 105 224 ⁴Ill]
121 188 122 191 ’
269 184 304 217 DE
319 182 454 216 TRINITATE
468 183 542 216 LIBER
713 179 735 208 H

70 279 180 320 aerearum
189 294 247 320 meam
256 293 292 320 uon
301 279 347 319 deba
356 279 455 336 elteer'31ut
466 292 532 318 omnes
542 292 586 318 cum
595 277 634 318 suis
642 276 737 329 figmentis

70 345 156 388 ethnicos
170 347 257 388 excludat
270 355 289 387 et
304 344 413 395 haereticos,
428 345 510 399 probans
524 345 581 386 deum
595 358 635 386 non
648 358 689 386 esse
705 343 738 396 qui

71 428 128 454 manu
138 414 213 454 artificis
220 416 280 454 factus
290 412 318 460 sit,
327 427 363 453 nec
372 427 415 453 eum
425 412 458 464 qui
466 412 543 465 ingenio
550 412 638 452 haeretici
646 412 700 451 fictus
708 411 737 450 sit.

71 493 110 521 non
122 487 151 521 est
163 480 213 520 enirn
225 482 277 530 deus,
288 479 323 529 cui,
334 486 355 520 ut
364 478 393 529 sit,
403 480 522 531 quaerendus
534 486 562 519 est
570 478 640 519 artifex.
668 478 738 530 quique

71 547 134 588 adhuc
147 547 217 588 adiecit
230 560 263 598 per
276 548 399 598 prophetam:
414 548 481 586 eaelum
495 547 542 586 mr'ln'
555 547 674 593 thereasar,
688 551 758 592 leeru5

71 618 132 652 aretem
149 615 245 653 scabellum
262 614 331 664 pedum
348 626 441 651 meerreeu:
463 614 534 663 qualeae
556 613 603 651 euidr'
622 612 740 661 aedzficudr'tr's

71 680 149 727 douram,
167 684 200 732 aret
214 680 255 730 qrrr's
273 681 321 718 locus
338 679 407 729 requiei
423 680 485 717 ureae?
504 686 525 718 ut
543 679 631 719 ostendat
648 677 739 730 quoniam

72 748 133 786 multo
151 746 210 797 magis
225 745 278 785 illum
294 747 386 798 templum
401 759 441 786 non
457 746 512 798 capit,
529 759 586 798 quem
602 746 684 785 mundus
700 757 739 784 non

72 811 128 863 capit.
157 818 175 851 et
184 813 232 852 haec
244 825 283 852 non
292 813 317 851 ad
326 812 356 852 sui
366 811 480 860 iactantiam,
490 812 524 852 sed
536 813 561 851 ad
572 811 630 851 nostri
642 810 739 851 scientiam

73 880 133 918 refert.
152 878 272 929 nequeenim
281 879 321 930 ipse
330 892 341 918 a
350 878 406 919 nobis
413 878 507 919 desiderat
514 878 649 929 magnitudinis
655 879 738 928 gloriam,
751 895 773 920 ro

73 946 108 985 sed
125 944 181 985 nobis
199 946 239 985 uult
257 944 367 998 religiosam,
387 958 425 997 qua
445 952 503 997 pater,
522 946 606 985 conferre
622 943 738 996 sapientiam.

73 1010 145 1063 quique
162 1019 257 1062 praeterea
275 1010 344 1051 ferinos
362 1019 436 1052 nostros
453 1011 527 1051 animos
545 1018 564 1052 et
581 1012 605 1051 de
623 1011 690 1062 agresti
708 1011 741 1049 irn-

74 1077 165 1117 manitate
180 1078 264 1117 tumidos
282 1085 300 1118 et
318 1079 408 1129 abruptos
425 1079 450 1118 ad
467 1079 564 1117 lenitatem
580 1078 652 1117 trahere
668 1077 739 1125 uolens,

75 1142 131 1183 dicit:
154 1147 171 1182 et
192 1151 247 1194 super
266 1157 318 1195 quem
339 1145 434 1196 requiescet
454 1144 531 1196 garritus
552 1156 605 1190 meus,
628 1143 668 1182 ru'sr'
687 1149 742 1194 super

74 1212 160 1250 serranum
174 1216 192 1249 et
202 1212 285 1261 an'eturn,
296 1216 314 1250 et
321 1216 423 1250 trementem
435 1212 489 1249 uerba
502 1212 556 1248 aree?
569 1217 590 1249 ut
601 1210 658 1250 deum
669 1209 739 1261 aliqua·
751 1223 773 1260 15

74 1283 129 1315 tenus
145 1283 226 1328 quantus
242 1276 266 1315 sit
282 1276 340 1329 possit
355 1290 462 1328 agnoscere,
477 1277 523 1316 dum
541 1275 593 1315 illum
608 1288 641 1326 per
655 1274 740 1326 spiritum

74 1342 164 1381 collatum
174 1341 229 1382 discit
238 1341 308 1383 timere.
336 1341 369 1394 qui
381 1341 465 1382 similiter
477 1342 540 1382 adhuc
551 1340 610 1393 magis
622 1340 641 1381 in
654 1339 741 1381 notitiam

75 1408 134 1448 nostri
140 1408 205 1448 uolens
213 1407 315 1461 peruenire,
323 1410 348 1449 ad
355 1409 447 1449 culturam
454 1407 483 1448 sui
490 1415 564 1448 nostros
571 1407 654 1448 excitans
661 1407 739 1456 animos,

74 1474 147 1514 aiebat:
159 1487 188 1525 ege
201 1488 241 1513 rum
255 1476 343 1523 deerre'uur,
356 1477 389 1527 qui
395 1476 435 1525 feei
445 1477 500 1514 leuem
514 1480 531 1513 et
543 1476 605 1513 creuere
615 1475 706 1525 tenebras,
720 1482 741 1513 ut

75 1539 227 1579 uicissitudinum
240 1540 317 1580 istarum
328 1542 396 1591 quibus
406 1541 472 1580 noctes
481 1542 559 1591 diesque
572 1543 693 1580 moderantur
702 1554 741 1580 non
751 1555 775 1578 20

75 1612 161 1646 naturam
175 1606 239 1646 nescio
255 1620 312 1658 quarn
326 1614 434 1658 putaremus
448 1605 543 1654 artificem,
557 1607 591 1646 sed
605 1607 662 1647 deum
676 1619 742 1659 agnos-

216 1707 233 1729 ur
246 1703 336 1739 putaremus
343 1709 362 1730 ex
369 1708 397 1730 rur,
411 1698 477 1730 Weruere'
483 1698 512 1739 Ja:
524 1707 574 1729 -emus
582 1698 602 1729 al.

98 1785 111 1807 1.
132 1775 392 1816 maiestatemmeam]ls.xlii8.
447 1785 470 1817 14,
494 1775 515 1807 Is.
530 1775 562 1807 lxvi
578 1785 586 1806 a
600 1775 631 1818 Vg.
648 1775 678 1808 ‘ad
694 1785 741 1819 quern

97 1831 111 1861 3.
137 1829 188 1852 mauu
202 1821 278 1862 artificis]
304 1820 335 1863 Cp.
351 1821 392 1853 Hos.
425 1820 742 1864 autemrespiciamnisiadpauperculum

75 1865 103 1897 viii
111 1864 125 1902 6,
138 1865 178 1897 Acts
185 1865 211 1896 xix
223 1864 248 1897 26.

96 1908 117 1941 iu.
137 1910 167 1946 qui
176 1909 243 1947 ingenio
250 1910 296 1940 haer.
305 1910 355 1940 fietus
362 1908 392 1948 sit]

76 1952 164 1985 Tertullian
170 1952 227 1995 speaks
233 1951 326 1990 otheretics,
335 1956 393 1995 'neque

75 1998 96 2029 ab
107 1997 197 2029 idololatria
207 1997 265 2029 distare
272 1998 349 2035 haereses,
357 2008 393 2029 erun

75 2040 234 2074 auctoris.,.eiusde1n
256 2041 291 2080 sint,
313 2041 356 2073 cuius
377 2047 393 2073 et

75 2085 165 2117 idololatria
174 2085 227 2116 Deum
237 2091 264 2116 aut
273 2085 334 2126 fingunt
345 2085 393 2116 alium

76 2129 151 2161 aduersus
162 2128 257 2168 Creatorem,
270 2133 296 2161 ant
307 2129 320 2161 si
330 2129 393 2161 unicum

76 2173 168 2208 Creatorem
182 2173 280 2211 confitentur,
296 2171 341 2206 aliter
357 2184 393 2207 eum

76 2218 154 2250 disserunt
160 2227 207 2259 quarn
215 2218 231 2249 in
237 2228 274 2249 uero
280 2217 283 2231 ²
292 2217 391 2260 (dePnresee.

76 2260 104 2303 xl).

98 2314 113 2346 5.
135 2306 157 2339 Is.
165 2305 197 2338 lxvi
207 2316 220 2338 1.

99 2360 123 2382 12.
147 2350 178 2383 ‘To
189 2351 234 2383 draw-
242 2354 259 2382 to
267 2349 356 2393 gentleness
367 2361 395 2382 orn·

76 2395 119 2427 souls
133 2394 210 2427 heastlilre
224 2395 255 2426 and
270 2396 286 2426 in
301 2395 341 2426 their
356 2396 394 2427 rrrde

76 2440 151 2470 nntamed
166 2439 247 2470 condition
259 2439 310 2479 proud
321 2440 353 2470 and
366 2439 393 2469 ob-

76 2480 144 2515 struae!
165 2482 201 2516 The
208 2483 244 2515 idea
251 2482 269 2515 of
276 2483 347 2516 advance
353 2482 394 2515 from

74 2528 132 2568 fhritas
142 2532 158 2559 to
168 2527 262 2558 lrrrrrranimr
273 2527 286 2559 is
296 2526 368 2569 frequent
377 2527 394 2559 in

77 2571 147 2603 classical
155 2570 207 2608 Latin,
216 2582 246 2612 eg.
253 2571 299 2603 Lucr.
308 2582 319 2603 v
326 2581 355 2613 9e5
364 2581 393 2613 sq,

77 2613 111 2648 Cic.
118 2615 136 2647 de
145 2614 175 2658 Off.
183 2614 201 2646 iii
208 2615 216 2655 ς
224 2625 249 2657 5²·

419 1869 440 1897 ,et
448 1867 532 1896 contritum
539 1865 613 1906 spiritu?’

447 1917 470 1948 15.
494 1909 608 1948 aliquatenus]
618 1908 741 1941 ‘inanreasure⁷:

425 1962 442 1984 as
456 1952 479 1984 lar
493 1962 510 1985 as
524 1952 568 1985 finite
582 1953 634 1985 minds
646 1962 675 1985 can
686 1953 742 1986 under·

425 1997 477 2029 stand.

448 2040 471 2073 16.
500 2049 531 2079 per
553 2042 632 2079 spirltum
655 2042 742 2082 nouarum]

427 2084 503 2127 ‘through
509 2084 614 2117 thebestowal
620 2085 638 2116 os
643 2084 670 2116 the
676 2084 741 2127 Spirit’:

425 2139 450 2170 ep,
461 2139 467 2160 1
475 2130 501 2171 Jo,
509 2128 526 2160 iii
534 2140 559 2168 24.

448 2183 472 2216 19.
494 2173 516 2206 ls.
524 2173 550 2205 xlv
559 2181 572 2215 7.
670 2213 673 2216 Δ

447 2227 471 2249 eo.
492 2225 526 2249 non
532 2220 611 2250 naturam
619 2219 675 2250 nescio
685 2218 743 2259 quam]

426 2265 462 2293 ‘not
474 2262 564 2303 something
575 2262 625 2294 called
636 2261 713 2294 Natrrre':
726 2262 743 2294 in

426 2305 490 2348 general
500 2305 579 2338 reference
589 2310 606 2337 to
615 2305 641 2338 the
649 2305 743 2348 pantlreistic

426 2349 467 2382 view
477 2350 495 2383 of
504 2350 570 2391 Nature,
581 2349 618 2383 held
626 2350 711 2394 especially
721 2350 743 2393 by

426 2395 453 2427 the
468 2395 527 2428 Stoice:
543 2406 560 2428 as
573 2395 660 2433 described,
676 2406 713 2437 eg„
726 2395 743 2427 in

427 2438 482 2470 Cicero
495 2439 513 2469 de
526 2440 565 2471 Nat.
581 2440 652 2470 Deorruu
666 2439 671 2470 i
684 2441 693 2479 ἓ
709 2450 742 2477 roo,

427 2482 477 2522 ‘who,
483 2482 550 2525 judging
557 2483 597 2516 lrorn
606 2482 661 2517 results
671 2493 689 2516 so
700 2493 743 2526 mag·

427 2527 491 2559 uificent
506 2527 537 2558 and
551 2527 626 2569 glorious,
641 2527 688 2559 when
706 2527 744 2570 they

427 2570 486 2603 looked
493 2572 536 2613 upon
544 2572 570 2604 the
577 2571 649 2604 universe
656 2571 703 2612 itself,
712 2573 744 2604 and

427 2626 470 2657 upon
481 2616 501 2648 its
512 2620 559 2657 parts,
575 2616 602 2648 the
612 2617 647 2658 sky,
659 2616 686 2649 the
697 2617 744 2650 lands
