<?xml version="1.0" encoding="UTF-8"?>
<!DOCTYPE html PUBLIC "-//W3C//DTD XHTML 1.0 Transitional//EN"
    "http://www.w3.org/TR/xhtml1/DTD/xhtml1-transitional.dtd">
<html xmlns="http://www.w3.org/1999/xhtml" xml:lang="en" lang="en">
 <head>
  <title>
</title>
<meta http-equiv="Content-Type" content="text/html;charset=utf-8" />
  <meta name='ocr-system' content='tesseract 3.04.00' />
  <meta name='ocr-capabilities' content='ocr_page ocr_carea ocr_par ocr_line ocrx_word'/>
</head>
<body>
  <div class='ocr_page' id='page_1' title='image "MN41666ucmf_3_0154.png"; bbox 0 0 1746 2903; ppageno 0'>
   <div class='ocr_carea' id='block_1_1' title="bbox 106 160 774 206">
    <p class='ocr_par' dir='ltr' id='par_1_1' title="bbox 106 160 774 206">
     <span class='ocr_line' id='line_1_1' title="bbox 106 160 774 206; baseline -0.001 -12"><span class='ocrx_word' id='word_1_1' title='bbox 106 160 132 206; x_wconf 89' lang='lat'>72</span> <span class='ocrx_word' id='word_1_2' title='bbox 370 162 434 196; x_wconf 82' lang='lat' dir='ltr'><em>NOVA</em></span> <span class='ocrx_word' id='word_1_3' title='bbox 440 162 509 195; x_wconf 78' lang='lat' dir='ltr'><em>TIANI</em></span> <span class='ocrx_word' id='word_1_4' title='bbox 725 161 774 202; x_wconf 87' lang='lat' dir='ltr'>[XIX</span> 
     </span>
    </p>
   </div>
   <div class='ocr_carea' id='block_1_2' title="bbox 69 258 805 2171">
    <p class='ocr_par' dir='ltr' id='par_1_2' title="bbox 69 258 805 2171">
     <span class='ocr_line' id='line_1_2' title="bbox 105 258 773 312; baseline -0.007 -11"><span class='ocrx_word' id='word_1_5' title='bbox 105 262 160 311; x_wconf 80' lang='lat' dir='ltr'>enim,</span> <span class='ocrx_word' id='word_1_6' title='bbox 169 258 236 312; x_wconf 88' lang='lat' dir='ltr'>inquit,</span> <span class='ocrx_word' id='word_1_7' title='bbox 246 261 298 299; x_wconf 77' lang='lat' dir='ltr'>detera</span> <span class='ocrx_word' id='word_1_8' title='bbox 302 260 352 310; x_wconf 75' lang='lat' dir='ltr'>faeie</span> <span class='ocrx_word' id='word_1_9' title='bbox 361 261 388 300; x_wconf 78' lang='lat' dir='ltr'>ael</span> <span class='ocrx_word' id='word_1_10' title='bbox 392 259 466 310; x_wconf 80' lang='lat' dir='ltr'>faciem,</span> <span class='ocrx_word' id='word_1_11' title='bbox 476 264 493 298; x_wconf 86' lang='lat' dir='ltr'>et</span> <span class='ocrx_word' id='word_1_12' title='bbox 501 260 555 298; x_wconf 82' lang='lat' dir='ltr'>salae</span> <span class='ocrx_word' id='word_1_13' title='bbox 560 259 614 309; x_wconf 73' lang='lat' dir='ltr'>faetet</span> <span class='ocrx_word' id='word_1_14' title='bbox 622 264 648 298; x_wconf 83' lang='lat' dir='ltr'>est</span> <span class='ocrx_word' id='word_1_15' title='bbox 656 258 720 298; x_wconf 71' lang='lat' dir='ltr'>aalma</span> <span class='ocrx_word' id='word_1_16' title='bbox 730 270 773 297; x_wconf 78' lang='lat' dir='ltr'>mee.</span> 
     </span>
     <span class='ocr_line' id='line_1_3' title="bbox 106 325 775 379; baseline -0.006 -10"><span class='ocrx_word' id='word_1_17' title='bbox 106 327 155 370; x_wconf 89' lang='lat' dir='ltr'>uidit</span> <span class='ocrx_word' id='word_1_18' title='bbox 164 334 228 368; x_wconf 86' lang='lat' dir='ltr'>autem</span> <span class='ocrx_word' id='word_1_19' title='bbox 237 326 300 377; x_wconf 84' lang='lat' dir='ltr'>deum,</span> <span class='ocrx_word' id='word_1_20' title='bbox 311 340 355 367; x_wconf 91' lang='lat' dir='ltr'>cum</span> <span class='ocrx_word' id='word_1_21' title='bbox 365 339 403 379; x_wconf 92' lang='lat' dir='ltr'>quo</span> <span class='ocrx_word' id='word_1_22' title='bbox 413 328 525 367; x_wconf 86' lang='lat' dir='ltr'>colluctatus</span> <span class='ocrx_word' id='word_1_23' title='bbox 535 333 563 367; x_wconf 93' lang='lat' dir='ltr'>est</span> <span class='ocrx_word' id='word_1_24' title='bbox 572 326 626 377; x_wconf 89' lang='lat' dir='ltr'>quasi</span> <span class='ocrx_word' id='word_1_25' title='bbox 635 340 678 366; x_wconf 91' lang='lat' dir='ltr'>cum</span> <span class='ocrx_word' id='word_1_26' title='bbox 688 325 775 366; x_wconf 86' lang='lat' dir='ltr'>homine:</span> 
     </span>
     <span class='ocr_line' id='line_1_4' title="bbox 107 392 775 445; baseline -0.004 -10"><span class='ocrx_word' id='word_1_27' title='bbox 107 397 141 436; x_wconf 92' lang='lat' dir='ltr'>sed</span> <span class='ocrx_word' id='word_1_28' title='bbox 157 402 176 434; x_wconf 92' lang='lat' dir='ltr'>et</span> <span class='ocrx_word' id='word_1_29' title='bbox 191 392 288 433; x_wconf 88' lang='lat' dir='ltr'>hominem</span> <span class='ocrx_word' id='word_1_30' title='bbox 305 392 383 445; x_wconf 91' lang='lat' dir='ltr'>quidem</span> <span class='ocrx_word' id='word_1_31' title='bbox 398 392 451 444; x_wconf 87' lang='lat' dir='ltr'>quasi</span> <span class='ocrx_word' id='word_1_32' title='bbox 464 392 525 432; x_wconf 91' lang='lat' dir='ltr'>uictor</span> <span class='ocrx_word' id='word_1_33' title='bbox 540 394 607 441; x_wconf 88' lang='lat' dir='ltr'>tenuit,</span> <span class='ocrx_word' id='word_1_34' title='bbox 621 392 775 433; x_wconf 81' lang='lat' dir='ltr'>benedictionem</span> 
     </span>
     <span class='ocr_line' id='line_1_5' title="bbox 107 457 776 511; baseline -0.001 -11"><span class='ocrx_word' id='word_1_35' title='bbox 107 468 171 500; x_wconf 87' lang='lat' dir='ltr'>autem</span> <span class='ocrx_word' id='word_1_36' title='bbox 187 458 241 510; x_wconf 81' lang='lat' dir='ltr'>quasi</span> <span class='ocrx_word' id='word_1_37' title='bbox 254 472 266 497; x_wconf 91' lang='lat' dir='ltr'>a</span> <span class='ocrx_word' id='word_1_38' title='bbox 279 460 322 508; x_wconf 88' lang='lat' dir='ltr'>deo,</span> <span class='ocrx_word' id='word_1_39' title='bbox 337 466 358 498; x_wconf 90' lang='lat' dir='ltr'>ut</span> <span class='ocrx_word' id='word_1_40' title='bbox 371 457 452 508; x_wconf 85' lang='lat' dir='ltr'>inferior,</span> <span class='ocrx_word' id='word_1_41' title='bbox 468 458 577 511; x_wconf 85' lang='lat' dir='ltr'>postulauit.</span> <span class='ocrx_word' id='word_1_42' title='bbox 606 458 633 498; x_wconf 89' lang='lat' dir='ltr'>ita</span> <span class='ocrx_word' id='word_1_43' title='bbox 648 472 692 498; x_wconf 87' lang='lat' dir='ltr'>eum</span> <span class='ocrx_word' id='word_1_44' title='bbox 706 460 743 499; x_wconf 86' lang='lat' dir='ltr'>deo</span> <span class='ocrx_word' id='word_1_45' title='bbox 757 465 776 499; x_wconf 82' lang='lat' dir='ltr'>et</span> 
     </span>
     <span class='ocr_line' id='line_1_6' title="bbox 89 522 775 578; baseline -0.004 -11"><span class='ocrx_word' id='word_1_46' title='bbox 89 537 98 578; x_wconf 85' lang='lat'><strong>5</strong></span> <span class='ocrx_word' id='word_1_47' title='bbox 108 539 152 567; x_wconf 89' lang='lat' dir='ltr'>cum</span> <span class='ocrx_word' id='word_1_48' title='bbox 161 524 239 565; x_wconf 90' lang='lat' dir='ltr'>homine</span> <span class='ocrx_word' id='word_1_49' title='bbox 248 526 361 564; x_wconf 90' lang='lat' dir='ltr'>colluctatus</span> <span class='ocrx_word' id='word_1_50' title='bbox 368 523 408 564; x_wconf 81' lang='lat' dir='ltr'>fuit.</span> <span class='ocrx_word' id='word_1_51' title='bbox 434 522 479 563; x_wconf 87' lang='lat' dir='ltr'>acsi</span> <span class='ocrx_word' id='word_1_52' title='bbox 488 523 597 564; x_wconf 79' lang='lat' dir='ltr'>colluctatio</span> <span class='ocrx_word' id='word_1_53' title='bbox 606 525 653 564; x_wconf 90' lang='lat' dir='ltr'>haec</span> <span class='ocrx_word' id='word_1_54' title='bbox 662 524 688 564; x_wconf 91' lang='lat' dir='ltr'>ibi</span> <span class='ocrx_word' id='word_1_55' title='bbox 698 523 775 576; x_wconf 87' lang='lat' dir='ltr'>quidem</span> 
     </span>
     <span class='ocr_line' id='line_1_7' title="bbox 108 586 805 646; baseline 0 -14"><span class='ocrx_word' id='word_1_56' title='bbox 108 586 232 646; x_wconf 84' lang='lat' dir='ltr'>praefigurata</span> <span class='ocrx_word' id='word_1_57' title='bbox 241 598 275 640; x_wconf 85' lang='lat' dir='ltr'>est,</span> <span class='ocrx_word' id='word_1_58' title='bbox 283 591 302 631; x_wconf 89' lang='lat' dir='ltr'>in</span> <span class='ocrx_word' id='word_1_59' title='bbox 310 591 409 644; x_wconf 86' lang='lat' dir='ltr'>euangelio</span> <span class='ocrx_word' id='word_1_60' title='bbox 418 598 483 632; x_wconf 87' lang='lat' dir='ltr'>autem</span> <span class='ocrx_word' id='word_1_61' title='bbox 491 591 540 632; x_wconf 89' lang='lat' dir='ltr'>inter</span> <span class='ocrx_word' id='word_1_62' title='bbox 549 591 647 633; x_wconf 83' lang='lat' dir='ltr'>Christum</span> <span class='ocrx_word' id='word_1_63' title='bbox 654 599 673 632; x_wconf 90' lang='lat' dir='ltr'>et</span> <span class='ocrx_word' id='word_1_64' title='bbox 681 594 775 644; x_wconf 90' lang='lat' dir='ltr'>populum</span> <span class='ocrx_word' id='word_1_65' title='bbox 803 640 805 644; x_wconf 18' lang='grc' dir='ltr'><em>Α</em></span> 
     </span>
     <span class='ocr_line' id='line_1_8' title="bbox 109 658 776 711; baseline -0.001 -11"><span class='ocrx_word' id='word_1_66' title='bbox 109 659 168 700; x_wconf 81' lang='lat' dir='ltr'>Iacob</span> <span class='ocrx_word' id='word_1_67' title='bbox 178 661 261 711; x_wconf 81' lang='lat' dir='ltr'>perfecta</span> <span class='ocrx_word' id='word_1_68' title='bbox 272 666 306 706; x_wconf 88' lang='lat' dir='ltr'>est,</span> <span class='ocrx_word' id='word_1_69' title='bbox 319 658 340 698; x_wconf 89' lang='lat' dir='ltr'>in</span> <span class='ocrx_word' id='word_1_70' title='bbox 352 672 390 710; x_wconf 89' lang='lat' dir='ltr'>qua</span> <span class='ocrx_word' id='word_1_71' title='bbox 401 658 489 710; x_wconf 86' lang='lat' dir='ltr'>quamuis</span> <span class='ocrx_word' id='word_1_72' title='bbox 500 660 582 710; x_wconf 89' lang='lat' dir='ltr'>populus</span> <span class='ocrx_word' id='word_1_73' title='bbox 594 658 679 710; x_wconf 80' lang='lat' dir='ltr'>superior</span> <span class='ocrx_word' id='word_1_74' title='bbox 687 659 776 699; x_wconf 89' lang='lat' dir='ltr'>inuentus</span> 
     </span>
     <span class='ocr_line' id='line_1_9' title="bbox 109 724 777 777; baseline -0.001 -12"><span class='ocrx_word' id='word_1_75' title='bbox 109 725 138 775; x_wconf 93' lang='lat' dir='ltr'>sit,</span> <span class='ocrx_word' id='word_1_76' title='bbox 157 724 218 765; x_wconf 89' lang='lat' dir='ltr'>minor</span> <span class='ocrx_word' id='word_1_77' title='bbox 235 732 320 776; x_wconf 88' lang='lat' dir='ltr'>repertus</span> <span class='ocrx_word' id='word_1_78' title='bbox 338 732 366 765; x_wconf 89' lang='lat' dir='ltr'>est</span> <span class='ocrx_word' id='word_1_79' title='bbox 383 726 430 765; x_wconf 90' lang='lat' dir='ltr'>dum</span> <span class='ocrx_word' id='word_1_80' title='bbox 445 738 517 765; x_wconf 90' lang='lat' dir='ltr'>nocens</span> <span class='ocrx_word' id='word_1_81' title='bbox 533 725 667 776; x_wconf 84' lang='lat' dir='ltr'>comprobatus</span> <span class='ocrx_word' id='word_1_82' title='bbox 683 731 715 774; x_wconf 89' lang='lat' dir='ltr'>est,</span> <span class='ocrx_word' id='word_1_83' title='bbox 735 724 777 777; x_wconf 87' lang='lat' dir='ltr'>quis</span> 
     </span>
     <span class='ocr_line' id='line_1_10' title="bbox 77 785 778 843; baseline -0.003 -10"><span class='ocrx_word' id='word_1_84' title='bbox 77 785 79 787; x_wconf 38' lang='grc'><strong><em>’</em></strong></span> <span class='ocrx_word' id='word_1_85' title='bbox 110 791 204 834; x_wconf 77' lang='lat' dir='ltr'>dubitabit</span> <span class='ocrx_word' id='word_1_86' title='bbox 214 791 316 841; x_wconf 89' lang='lat' dir='ltr'>Christum,</span> <span class='ocrx_word' id='word_1_87' title='bbox 326 791 346 832; x_wconf 93' lang='lat' dir='ltr'>in</span> <span class='ocrx_word' id='word_1_88' title='bbox 356 805 394 843; x_wconf 87' lang='lat' dir='ltr'>quo</span> <span class='ocrx_word' id='word_1_89' title='bbox 403 793 450 832; x_wconf 88' lang='lat' dir='ltr'>haec</span> <span class='ocrx_word' id='word_1_90' title='bbox 462 792 602 832; x_wconf 80' lang='lat' dir='ltr'>colluctationis</span> <span class='ocrx_word' id='word_1_91' title='bbox 612 794 671 843; x_wconf 88' lang='lat' dir='ltr'>figura</span> <span class='ocrx_word' id='word_1_92' title='bbox 682 794 778 843; x_wconf 89' lang='lat' dir='ltr'>completa</span> 
     </span>
     <span class='ocr_line' id='line_1_11' title="bbox 78 858 778 910; baseline -0.001 -11"><span class='ocrx_word' id='word_1_93' title='bbox 78 875 100 900; x_wconf 90' lang='lat'>10</span> <span class='ocrx_word' id='word_1_94' title='bbox 110 866 143 908; x_wconf 84' lang='lat' dir='ltr'>est,</span> <span class='ocrx_word' id='word_1_95' title='bbox 157 871 196 897; x_wconf 91' lang='lat' dir='ltr'>non</span> <span class='ocrx_word' id='word_1_96' title='bbox 210 858 308 898; x_wconf 88' lang='lat' dir='ltr'>hominem</span> <span class='ocrx_word' id='word_1_97' title='bbox 321 865 396 898; x_wconf 87' lang='lat' dir='ltr'>tantum</span> <span class='ocrx_word' id='word_1_98' title='bbox 411 859 446 897; x_wconf 87' lang='lat' dir='ltr'>sed</span> <span class='ocrx_word' id='word_1_99' title='bbox 461 865 480 897; x_wconf 92' lang='lat' dir='ltr'>et</span> <span class='ocrx_word' id='word_1_100' title='bbox 495 859 553 897; x_wconf 90' lang='lat' dir='ltr'>deum</span> <span class='ocrx_word' id='word_1_101' title='bbox 571 871 677 910; x_wconf 89' lang='lat' dir='ltr'>agnoscere,</span> <span class='ocrx_word' id='word_1_102' title='bbox 693 859 778 908; x_wconf 83' lang='lat' dir='ltr'>quando-</span> 
     </span>
     <span class='ocr_line' id='line_1_12' title="bbox 110 924 778 978; baseline -0.001 -13"><span class='ocrx_word' id='word_1_103' title='bbox 110 925 189 978; x_wconf 84' lang='lat' dir='ltr'>quidem</span> <span class='ocrx_word' id='word_1_104' title='bbox 197 924 296 966; x_wconf 88' lang='lat' dir='ltr'>hominem</span> <span class='ocrx_word' id='word_1_105' title='bbox 304 924 358 965; x_wconf 89' lang='lat' dir='ltr'>illum</span> <span class='ocrx_word' id='word_1_106' title='bbox 367 932 386 965; x_wconf 89' lang='lat' dir='ltr'>et</span> <span class='ocrx_word' id='word_1_107' title='bbox 393 925 450 965; x_wconf 90' lang='lat' dir='ltr'>deum</span> <span class='ocrx_word' id='word_1_108' title='bbox 460 924 516 965; x_wconf 89' lang='lat' dir='ltr'>etiam</span> <span class='ocrx_word' id='word_1_109' title='bbox 526 925 584 977; x_wconf 89' lang='lat' dir='ltr'>figura</span> <span class='ocrx_word' id='word_1_110' title='bbox 592 925 633 977; x_wconf 88' lang='lat' dir='ltr'>ipsa</span> <span class='ocrx_word' id='word_1_111' title='bbox 640 924 778 966; x_wconf 87' lang='lat' dir='ltr'>colluctationis</span> 
     </span>
     <span class='ocr_line' id='line_1_13' title="bbox 111 991 354 1043; baseline -0.004 -11"><span class='ocrx_word' id='word_1_112' title='bbox 111 992 197 1033; x_wconf 89' lang='lat' dir='ltr'>uideatur</span> <span class='ocrx_word' id='word_1_113' title='bbox 206 991 354 1043; x_wconf 81' lang='lat' dir='ltr'>comprobasse?</span> 
     </span>
     <span class='ocr_line' id='line_1_14' title="bbox 150 1049 778 1110; baseline -0.003 -12"><span class='ocrx_word' id='word_1_114' title='bbox 150 1060 175 1098; x_wconf 89' lang='lat' dir='ltr'>Et</span> <span class='ocrx_word' id='word_1_115' title='bbox 187 1066 251 1098; x_wconf 90' lang='lat' dir='ltr'>tamen</span> <span class='ocrx_word' id='word_1_116' title='bbox 264 1057 322 1098; x_wconf 90' lang='lat' dir='ltr'>etiam</span> <span class='ocrx_word' id='word_1_117' title='bbox 334 1049 377 1110; x_wconf 87' lang='lat' dir='ltr'>post</span> <span class='ocrx_word' id='word_1_118' title='bbox 389 1059 436 1098; x_wconf 90' lang='lat' dir='ltr'>haec</span> <span class='ocrx_word' id='word_1_119' title='bbox 449 1071 509 1110; x_wconf 89' lang='lat' dir='ltr'>aeque</span> <span class='ocrx_word' id='word_1_120' title='bbox 521 1071 560 1098; x_wconf 91' lang='lat' dir='ltr'>non</span> <span class='ocrx_word' id='word_1_121' title='bbox 572 1065 633 1098; x_wconf 87' lang='lat' dir='ltr'>cessat</span> <span class='ocrx_word' id='word_1_122' title='bbox 642 1058 709 1098; x_wconf 87' lang='lat' dir='ltr'>eadem</span> <span class='ocrx_word' id='word_1_123' title='bbox 721 1056 778 1109; x_wconf 89' lang='lat' dir='ltr'>scrip-</span> 
     </span>
     <span class='ocr_line' id='line_1_15' title="bbox 110 1124 779 1176; baseline -0.004 -10"><span class='ocrx_word' id='word_1_124' title='bbox 110 1134 152 1166; x_wconf 90' lang='lat' dir='ltr'>tura</span> <span class='ocrx_word' id='word_1_125' title='bbox 171 1125 236 1165; x_wconf 91' lang='lat' dir='ltr'>diuina</span> <span class='ocrx_word' id='word_1_126' title='bbox 253 1125 340 1175; x_wconf 80' lang='lat' dir='ltr'>angelum</span> <span class='ocrx_word' id='word_1_127' title='bbox 360 1126 418 1164; x_wconf 91' lang='lat' dir='ltr'>deum</span> <span class='ocrx_word' id='word_1_128' title='bbox 436 1124 503 1173; x_wconf 84' lang='lat' dir='ltr'>dicere,</span> <span class='ocrx_word' id='word_1_129' title='bbox 522 1133 541 1164; x_wconf 85' lang='lat' dir='ltr'>et</span> <span class='ocrx_word' id='word_1_130' title='bbox 558 1127 616 1164; x_wconf 90' lang='lat' dir='ltr'>deum</span> <span class='ocrx_word' id='word_1_131' title='bbox 634 1126 721 1176; x_wconf 84' lang='lat' dir='ltr'>angelum</span> <span class='ocrx_word' id='word_1_132' title='bbox 737 1139 779 1176; x_wconf 91' lang='lat' dir='ltr'>pro·</span> 
     </span>
     <span class='ocr_line' id='line_1_16' title="bbox 79 1191 779 1246; baseline -0.001 -14"><span class='ocrx_word' id='word_1_133' title='bbox 79 1204 100 1246; x_wconf 82' lang='lat'>15</span> <span class='ocrx_word' id='word_1_134' title='bbox 111 1191 202 1232; x_wconf 86' lang='lat' dir='ltr'>nuntiare.</span> <span class='ocrx_word' id='word_1_135' title='bbox 230 1204 274 1232; x_wconf 90' lang='lat' dir='ltr'>nam</span> <span class='ocrx_word' id='word_1_136' title='bbox 290 1204 334 1232; x_wconf 91' lang='lat' dir='ltr'>cum</span> <span class='ocrx_word' id='word_1_137' title='bbox 351 1192 454 1232; x_wconf 85' lang='lat' dir='ltr'>Manassen</span> <span class='ocrx_word' id='word_1_138' title='bbox 472 1199 529 1243; x_wconf 87' lang='lat' dir='ltr'>atque</span> <span class='ocrx_word' id='word_1_139' title='bbox 545 1192 629 1244; x_wconf 88' lang='lat' dir='ltr'>Ephrem</span> <span class='ocrx_word' id='word_1_140' title='bbox 643 1191 691 1231; x_wconf 88' lang='lat' dir='ltr'>filios</span> <span class='ocrx_word' id='word_1_141' title='bbox 707 1192 779 1245; x_wconf 84' lang='lat' dir='ltr'>Ioseph</span> 
     </span>
     <span class='ocr_line' id='line_1_17' title="bbox 112 1258 779 1312; baseline -0.001 -12"><span class='ocrx_word' id='word_1_142' title='bbox 112 1258 245 1300; x_wconf 89' lang='lat' dir='ltr'>benedicturus</span> <span class='ocrx_word' id='word_1_143' title='bbox 263 1266 313 1300; x_wconf 86' lang='lat' dir='ltr'>esset</span> <span class='ocrx_word' id='word_1_144' title='bbox 330 1259 362 1299; x_wconf 92' lang='lat' dir='ltr'>hic</span> <span class='ocrx_word' id='word_1_145' title='bbox 378 1258 420 1311; x_wconf 94' lang='lat' dir='ltr'>ipse</span> <span class='ocrx_word' id='word_1_146' title='bbox 438 1260 502 1308; x_wconf 88' lang='lat' dir='ltr'>Iacob,</span> <span class='ocrx_word' id='word_1_147' title='bbox 517 1259 628 1299; x_wconf 87' lang='lat' dir='ltr'>transuersis</span> <span class='ocrx_word' id='word_1_148' title='bbox 646 1272 702 1312; x_wconf 90' lang='lat' dir='ltr'>super</span> <span class='ocrx_word' id='word_1_149' title='bbox 717 1259 779 1311; x_wconf 86' lang='lat' dir='ltr'>capita</span> 
     </span>
     <span class='ocr_line' id='line_1_18' title="bbox 69 1325 779 1380; baseline -0.004 -13"><span class='ocrx_word' id='word_1_150' title='bbox 69 1373 71 1380; x_wconf 28' lang='grc' dir='ltr'>Ι</span> <span class='ocrx_word' id='word_1_151' title='bbox 111 1340 213 1379; x_wconf 88' lang='lat' dir='ltr'>puerorum</span> <span class='ocrx_word' id='word_1_152' title='bbox 228 1325 317 1365; x_wconf 90' lang='lat' dir='ltr'>manibus</span> <span class='ocrx_word' id='word_1_153' title='bbox 334 1325 436 1374; x_wconf 86' lang='lat' dir='ltr'>collocatis,</span> <span class='ocrx_word' id='word_1_154' title='bbox 453 1328 501 1374; x_wconf 80' lang='lat' dir='ltr'>deus,</span> <span class='ocrx_word' id='word_1_155' title='bbox 520 1326 586 1377; x_wconf 86' lang='lat' dir='ltr'>inquit,</span> <span class='ocrx_word' id='word_1_156' title='bbox 603 1327 637 1376; x_wconf 81' lang='lat' dir='ltr'>qai</span> <span class='ocrx_word' id='word_1_157' title='bbox 647 1327 710 1376; x_wconf 73' lang='lat' dir='ltr'>pascet</span> <span class='ocrx_word' id='word_1_158' title='bbox 724 1339 752 1364; x_wconf 86' lang='lat' dir='ltr'>me</span> <span class='ocrx_word' id='word_1_159' title='bbox 766 1339 779 1364; x_wconf 79' lang='lat' dir='ltr'>a</span> 
     </span>
     <span class='ocr_line' id='line_1_19' title="bbox 112 1392 780 1443; baseline 0 -12"><span class='ocrx_word' id='word_1_160' title='bbox 112 1394 205 1432; x_wconf 80' lang='lat' dir='ltr'>e&#39;reeeeateete</span> <span class='ocrx_word' id='word_1_161' title='bbox 220 1405 259 1430; x_wconf 84' lang='lat' dir='ltr'>mea</span> <span class='ocrx_word' id='word_1_162' title='bbox 275 1404 330 1443; x_wconf 79' lang='lat' dir='ltr'>resque</span> <span class='ocrx_word' id='word_1_163' title='bbox 347 1392 367 1430; x_wconf 78' lang='lat' dir='ltr'>e&#39;ee</span> <span class='ocrx_word' id='word_1_164' title='bbox 385 1392 433 1431; x_wconf 74' lang='lat' dir='ltr'>aene</span> <span class='ocrx_word' id='word_1_165' title='bbox 449 1393 501 1438; x_wconf 71' lang='lat' dir='ltr'>dieue,</span> <span class='ocrx_word' id='word_1_166' title='bbox 516 1393 590 1443; x_wconf 81' lang='lat' dir='ltr'>eeegelees</span> <span class='ocrx_word' id='word_1_167' title='bbox 605 1393 639 1442; x_wconf 79' lang='lat' dir='ltr'>qui</span> <span class='ocrx_word' id='word_1_168' title='bbox 652 1392 739 1432; x_wconf 78' lang='lat' dir='ltr'>le&#39;beeaee&#39;t</span> <span class='ocrx_word' id='word_1_169' title='bbox 753 1404 780 1431; x_wconf 83' lang='lat' dir='ltr'>me</span> 
     </span>
     <span class='ocr_line' id='line_1_20' title="bbox 112 1458 779 1507; baseline -0.003 -10"><span class='ocrx_word' id='word_1_170' title='bbox 112 1472 134 1497; x_wconf 82' lang='lat' dir='ltr'>ex</span> <span class='ocrx_word' id='word_1_171' title='bbox 149 1458 231 1497; x_wconf 80' lang='lat' dir='ltr'>eeeeeee&#39;bees</span> <span class='ocrx_word' id='word_1_172' title='bbox 246 1459 306 1502; x_wconf 69' lang='lat' dir='ltr'>arealis,</span> <span class='ocrx_word' id='word_1_173' title='bbox 322 1458 413 1495; x_wconf 78' lang='lat' dir='ltr'>benedicat</span> <span class='ocrx_word' id='word_1_174' title='bbox 427 1463 493 1506; x_wconf 79' lang='lat' dir='ltr'>peeeees</span> <span class='ocrx_word' id='word_1_175' title='bbox 508 1459 544 1494; x_wconf 74' lang='lat' dir='ltr'>hes.</span> <span class='ocrx_word' id='word_1_176' title='bbox 572 1470 632 1507; x_wconf 90' lang='lat' dir='ltr'>usque</span> <span class='ocrx_word' id='word_1_177' title='bbox 650 1459 699 1496; x_wconf 92' lang='lat' dir='ltr'>adeo</span> <span class='ocrx_word' id='word_1_178' title='bbox 715 1464 779 1496; x_wconf 90' lang='lat' dir='ltr'>autem</span> 
     </span>
     <span class='ocr_line' id='line_1_21' title="bbox 79 1521 780 1577; baseline -0.001 -12"><span class='ocrx_word' id='word_1_179' title='bbox 79 1538 103 1565; x_wconf 83' lang='lat' dir='ltr'>zo</span> <span class='ocrx_word' id='word_1_180' title='bbox 112 1525 195 1565; x_wconf 91' lang='lat' dir='ltr'>eundem</span> <span class='ocrx_word' id='word_1_181' title='bbox 210 1524 298 1575; x_wconf 85' lang='lat' dir='ltr'>angelum</span> <span class='ocrx_word' id='word_1_182' title='bbox 313 1521 372 1575; x_wconf 91' lang='lat' dir='ltr'>ponit,</span> <span class='ocrx_word' id='word_1_183' title='bbox 390 1535 447 1575; x_wconf 89' lang='lat' dir='ltr'>quem</span> <span class='ocrx_word' id='word_1_184' title='bbox 463 1524 520 1563; x_wconf 89' lang='lat' dir='ltr'>deum</span> <span class='ocrx_word' id='word_1_185' title='bbox 537 1522 612 1573; x_wconf 85' lang='lat' dir='ltr'>dixerat,</span> <span class='ocrx_word' id='word_1_186' title='bbox 626 1531 647 1563; x_wconf 91' lang='lat' dir='ltr'>ut</span> <span class='ocrx_word' id='word_1_187' title='bbox 663 1521 780 1577; x_wconf 82' lang='lat' dir='ltr'>singulariter</span> 
     </span>
     <span class='ocr_line' id='line_1_22' title="bbox 112 1589 778 1643; baseline 0 -12"><span class='ocrx_word' id='word_1_188' title='bbox 112 1591 131 1631; x_wconf 92' lang='lat' dir='ltr'>in</span> <span class='ocrx_word' id='word_1_189' title='bbox 146 1590 196 1631; x_wconf 84' lang='lat' dir='ltr'>exitu</span> <span class='ocrx_word' id='word_1_190' title='bbox 211 1590 302 1631; x_wconf 87' lang='lat' dir='ltr'>sermonis</span> <span class='ocrx_word' id='word_1_191' title='bbox 317 1591 346 1631; x_wconf 92' lang='lat' dir='ltr'>sui</span> <span class='ocrx_word' id='word_1_192' title='bbox 359 1589 443 1642; x_wconf 85' lang='lat' dir='ltr'>posuerit</span> <span class='ocrx_word' id='word_1_193' title='bbox 458 1604 558 1642; x_wconf 88' lang='lat' dir='ltr'>personam</span> <span class='ocrx_word' id='word_1_194' title='bbox 573 1591 597 1631; x_wconf 92' lang='lat' dir='ltr'>de</span> <span class='ocrx_word' id='word_1_195' title='bbox 612 1604 649 1643; x_wconf 88' lang='lat' dir='ltr'>qua</span> <span class='ocrx_word' id='word_1_196' title='bbox 661 1591 778 1643; x_wconf 89' lang='lat' dir='ltr'>loquebatur,</span> 
     </span>
     <span class='ocr_line' id='line_1_23' title="bbox 112 1656 779 1707; baseline -0.003 -9"><span class='ocrx_word' id='word_1_197' title='bbox 112 1658 195 1699; x_wconf 88' lang='lat' dir='ltr'>dicendo</span> <span class='ocrx_word' id='word_1_198' title='bbox 204 1659 295 1697; x_wconf 76' lang='lat' dir='ltr'>benedicat</span> <span class='ocrx_word' id='word_1_199' title='bbox 301 1664 368 1707; x_wconf 72' lang='lat' dir='ltr'>pueros</span> <span class='ocrx_word' id='word_1_200' title='bbox 380 1659 416 1697; x_wconf 76' lang='lat' dir='ltr'>leus.</span> <span class='ocrx_word' id='word_1_201' title='bbox 444 1657 460 1696; x_wconf 82' lang='lat' dir='ltr'>si</span> <span class='ocrx_word' id='word_1_202' title='bbox 472 1656 524 1697; x_wconf 89' lang='lat' dir='ltr'>enim</span> <span class='ocrx_word' id='word_1_203' title='bbox 536 1659 616 1697; x_wconf 90' lang='lat' dir='ltr'>alterum</span> <span class='ocrx_word' id='word_1_204' title='bbox 626 1658 689 1706; x_wconf 83' lang='lat' dir='ltr'>deum,</span> <span class='ocrx_word' id='word_1_205' title='bbox 700 1658 779 1696; x_wconf 89' lang='lat' dir='ltr'>alterum</span> 
     </span>
     <span class='ocr_line' id='line_1_24' title="bbox 112 1723 780 1777; baseline -0.001 -12"><span class='ocrx_word' id='word_1_206' title='bbox 112 1725 201 1777; x_wconf 83' lang='lat' dir='ltr'>angelum</span> <span class='ocrx_word' id='word_1_207' title='bbox 213 1723 304 1764; x_wconf 89' lang='lat' dir='ltr'>uoluisset</span> <span class='ocrx_word' id='word_1_208' title='bbox 313 1723 401 1775; x_wconf 86' lang='lat' dir='ltr'>intellegi,</span> <span class='ocrx_word' id='word_1_209' title='bbox 409 1723 476 1776; x_wconf 88' lang='lat' dir='ltr'>plurali</span> <span class='ocrx_word' id='word_1_210' title='bbox 485 1737 564 1763; x_wconf 89' lang='lat' dir='ltr'>numero</span> <span class='ocrx_word' id='word_1_211' title='bbox 573 1724 621 1763; x_wconf 89' lang='lat' dir='ltr'>duas</span> <span class='ocrx_word' id='word_1_212' title='bbox 630 1737 720 1775; x_wconf 90' lang='lat' dir='ltr'>personas</span> <span class='ocrx_word' id='word_1_213' title='bbox 730 1727 780 1764; x_wconf 87' lang='lat' dir='ltr'>com·</span> 
     </span>
     <span class='ocr_line' id='line_1_25' title="bbox 112 1786 780 1840; baseline 0.001 -12"><span class='ocrx_word' id='word_1_214' title='bbox 112 1792 178 1840; x_wconf 82' lang='lat' dir='ltr'>plexus</span> <span class='ocrx_word' id='word_1_215' title='bbox 190 1790 263 1829; x_wconf 86' lang='lat' dir='ltr'>fuisset:</span> <span class='ocrx_word' id='word_1_216' title='bbox 281 1802 333 1828; x_wconf 90' lang='lat' dir='ltr'>nunc</span> <span class='ocrx_word' id='word_1_217' title='bbox 346 1789 401 1828; x_wconf 89' lang='lat' dir='ltr'>unius</span> <span class='ocrx_word' id='word_1_218' title='bbox 415 1786 507 1840; x_wconf 86' lang='lat' dir='ltr'>persdnae</span> <span class='ocrx_word' id='word_1_219' title='bbox 520 1789 632 1839; x_wconf 88' lang='lat' dir='ltr'>singularem</span> <span class='ocrx_word' id='word_1_220' title='bbox 646 1802 746 1828; x_wconf 88' lang='lat' dir='ltr'>numerum</span> <span class='ocrx_word' id='word_1_221' title='bbox 760 1789 780 1829; x_wconf 87' lang='lat' dir='ltr'>in</span> 
     </span>
     <span class='ocr_line' id='line_1_26' title="bbox 80 1853 779 1907; baseline 0.003 -14"><span class='ocrx_word' id='word_1_222' title='bbox 80 1865 102 1907; x_wconf 79' lang='lat'>25</span> <span class='ocrx_word' id='word_1_223' title='bbox 113 1853 247 1894; x_wconf 88' lang='lat' dir='ltr'>benedictione</span> <span class='ocrx_word' id='word_1_224' title='bbox 258 1853 359 1906; x_wconf 74' lang='lat' dir='ltr'>deposuit,</span> <span class='ocrx_word' id='word_1_225' title='bbox 372 1868 395 1894; x_wconf 88' lang='lat' dir='ltr'>ex</span> <span class='ocrx_word' id='word_1_226' title='bbox 404 1868 442 1905; x_wconf 91' lang='lat' dir='ltr'>quo</span> <span class='ocrx_word' id='word_1_227' title='bbox 452 1854 535 1894; x_wconf 87' lang='lat' dir='ltr'>eundem</span> <span class='ocrx_word' id='word_1_228' title='bbox 548 1855 606 1894; x_wconf 92' lang='lat' dir='ltr'>deum</span> <span class='ocrx_word' id='word_1_229' title='bbox 620 1862 677 1906; x_wconf 88' lang='lat' dir='ltr'>atque</span> <span class='ocrx_word' id='word_1_230' title='bbox 690 1857 779 1907; x_wconf 86' lang='lat' dir='ltr'>angelum</span> 
     </span>
     <span class='ocr_line' id='line_1_27' title="bbox 113 1919 779 1973; baseline 0.002 -13"><span class='ocrx_word' id='word_1_231' title='bbox 113 1920 197 1972; x_wconf 88' lang='lat' dir='ltr'>intellegi</span> <span class='ocrx_word' id='word_1_232' title='bbox 206 1919 271 1960; x_wconf 88' lang='lat' dir='ltr'>uoluit.</span> <span class='ocrx_word' id='word_1_233' title='bbox 296 1919 390 1961; x_wconf 89' lang='lat' dir='ltr'>sedenim</span> <span class='ocrx_word' id='word_1_234' title='bbox 402 1921 449 1961; x_wconf 89' lang='lat' dir='ltr'>deus</span> <span class='ocrx_word' id='word_1_235' title='bbox 458 1927 512 1972; x_wconf 88' lang='lat' dir='ltr'>pater</span> <span class='ocrx_word' id='word_1_236' title='bbox 522 1919 583 1972; x_wconf 88' lang='lat' dir='ltr'>accipi</span> <span class='ocrx_word' id='word_1_237' title='bbox 594 1934 633 1960; x_wconf 90' lang='lat' dir='ltr'>non</span> <span class='ocrx_word' id='word_1_238' title='bbox 644 1928 718 1973; x_wconf 90' lang='lat' dir='ltr'>potest:</span> <span class='ocrx_word' id='word_1_239' title='bbox 732 1923 779 1961; x_wconf 92' lang='lat' dir='ltr'>deus</span> 
     </span>
     <span class='ocr_line' id='line_1_28' title="bbox 113 1986 780 2039; baseline 0.003 -12"><span class='ocrx_word' id='word_1_240' title='bbox 113 1994 177 2027; x_wconf 88' lang='lat' dir='ltr'>autem</span> <span class='ocrx_word' id='word_1_241' title='bbox 195 1993 214 2025; x_wconf 91' lang='lat' dir='ltr'>et</span> <span class='ocrx_word' id='word_1_242' title='bbox 231 1987 309 2039; x_wconf 86' lang='lat' dir='ltr'>angelus</span> <span class='ocrx_word' id='word_1_243' title='bbox 328 1987 413 2027; x_wconf 88' lang='lat' dir='ltr'>Christus</span> <span class='ocrx_word' id='word_1_244' title='bbox 431 1986 492 2039; x_wconf 87' lang='lat' dir='ltr'>accipi</span> <span class='ocrx_word' id='word_1_245' title='bbox 509 1993 576 2039; x_wconf 90' lang='lat' dir='ltr'>potest.</span> <span class='ocrx_word' id='word_1_246' title='bbox 611 2000 668 2039; x_wconf 85' lang='lat' dir='ltr'>quem</span> <span class='ocrx_word' id='word_1_247' title='bbox 685 1994 706 2028; x_wconf 88' lang='lat' dir='ltr'>ut</span> <span class='ocrx_word' id='word_1_248' title='bbox 724 1987 780 2029; x_wconf 92' lang='lat' dir='ltr'>huius</span> 
     </span>
     <span class='ocr_line' id='line_1_29' title="bbox 113 2053 780 2106; baseline 0.001 -13"><span class='ocrx_word' id='word_1_249' title='bbox 113 2053 252 2094; x_wconf 83' lang='lat' dir='ltr'>benedictionis</span> <span class='ocrx_word' id='word_1_250' title='bbox 262 2060 359 2093; x_wconf 87' lang='lat' dir='ltr'>auctorem</span> <span class='ocrx_word' id='word_1_251' title='bbox 369 2053 426 2093; x_wconf 86' lang='lat' dir='ltr'>etiarn</span> <span class='ocrx_word' id='word_1_252' title='bbox 438 2061 553 2093; x_wconf 85' lang='lat' dir='ltr'>transuersas</span> <span class='ocrx_word' id='word_1_253' title='bbox 564 2067 620 2105; x_wconf 85' lang='lat' dir='ltr'>super</span> <span class='ocrx_word' id='word_1_254' title='bbox 631 2067 700 2106; x_wconf 90' lang='lat' dir='ltr'>pueros</span> <span class='ocrx_word' id='word_1_255' title='bbox 712 2067 780 2094; x_wconf 89' lang='lat' dir='ltr'>manus</span> 
     </span>
     <span class='ocr_line' id='line_1_30' title="bbox 114 2117 779 2171; baseline 0.003 -12"><span class='ocrx_word' id='word_1_256' title='bbox 114 2119 173 2159; x_wconf 89' lang='lat' dir='ltr'>Iacob</span> <span class='ocrx_word' id='word_1_257' title='bbox 183 2120 274 2170; x_wconf 90' lang='lat' dir='ltr'>ponendo</span> <span class='ocrx_word' id='word_1_258' title='bbox 286 2117 403 2170; x_wconf 83' lang='lat' dir='ltr'>significauit,</span> <span class='ocrx_word' id='word_1_259' title='bbox 414 2119 468 2171; x_wconf 88' lang='lat' dir='ltr'>quasi</span> <span class='ocrx_word' id='word_1_260' title='bbox 477 2125 530 2170; x_wconf 89' lang='lat' dir='ltr'>pater</span> <span class='ocrx_word' id='word_1_261' title='bbox 543 2119 617 2158; x_wconf 90' lang='lat' dir='ltr'>illorum</span> <span class='ocrx_word' id='word_1_262' title='bbox 629 2127 678 2160; x_wconf 90' lang='lat' dir='ltr'>esset</span> <span class='ocrx_word' id='word_1_263' title='bbox 687 2119 779 2170; x_wconf 86' lang='lat' dir='ltr'>Christus,</span> 
     </span>
    </p>
   </div>
   <div class='ocr_carea' id='block_1_3' title="bbox 112 2209 780 2307">
    <p class='ocr_par' dir='ltr' id='par_1_3' title="bbox 112 2209 780 2307">
     <span class='ocr_line' id='line_1_31' title="bbox 145 2209 780 2254; baseline 0.002 -9"><span class='ocrx_word' id='word_1_264' title='bbox 145 2223 153 2254; x_wconf 85' lang='lat'>5</span> <span class='ocrx_word' id='word_1_265' title='bbox 164 2222 183 2245; x_wconf 81' lang='lat' dir='ltr'>ac</span> <span class='ocrx_word' id='word_1_266' title='bbox 191 2211 214 2245; x_wconf 87' lang='lat' dir='ltr'>sic</span> <span class='ocrx_word' id='word_1_267' title='bbox 224 2210 271 2244; x_wconf 84' lang='lat' dir='ltr'>edd:</span> <span class='ocrx_word' id='word_1_268' title='bbox 283 2209 302 2254; x_wconf 85' lang='lat' dir='ltr'>es.</span> <span class='ocrx_word' id='word_1_269' title='bbox 315 2221 351 2243; x_wconf 78' lang='lat' dir='ltr'>nere</span> <span class='ocrx_word' id='word_1_270' title='bbox 361 2220 389 2254; x_wconf 89' lang='lat' dir='ltr'>pp.</span> <span class='ocrx_word' id='word_1_271' title='bbox 398 2219 422 2254; x_wconf 85' lang='lat'>59.</span> <span class='ocrx_word' id='word_1_272' title='bbox 432 2211 447 2251; x_wconf 84' lang='lat'>8,</span> <span class='ocrx_word' id='word_1_273' title='bbox 460 2209 486 2253; x_wconf 77' lang='lat'>63.</span> <span class='ocrx_word' id='word_1_274' title='bbox 495 2220 519 2244; x_wconf 80' lang='lat' dir='ltr'>eo.</span> <span class='ocrx_word' id='word_1_275' title='bbox 630 2221 648 2253; x_wconf 81' lang='lat'>14</span> <span class='ocrx_word' id='word_1_276' title='bbox 659 2216 674 2245; x_wconf 87' lang='lat' dir='ltr'>et</span> <span class='ocrx_word' id='word_1_277' title='bbox 685 2216 722 2245; x_wconf 80' lang='lat' dir='ltr'>uerte</span> <span class='ocrx_word' id='word_1_278' title='bbox 733 2212 780 2246; x_wconf 88' lang='lat' dir='ltr'>deum</span> 
     </span>
     <span class='ocr_line' id='line_1_32' title="bbox 112 2264 780 2307; baseline 0.003 -9"><span class='ocrx_word' id='word_1_279' title='bbox 112 2267 142 2298; x_wconf 82' lang='lat' dir='ltr'>ins.</span> <span class='ocrx_word' id='word_1_280' title='bbox 156 2265 190 2297; x_wconf 89' lang='lat' dir='ltr'>We.</span> <span class='ocrx_word' id='word_1_281' title='bbox 243 2274 261 2307; x_wconf 84' lang='lat'>19</span> <span class='ocrx_word' id='word_1_282' title='bbox 269 2264 352 2297; x_wconf 88' lang='lat' dir='ltr'>benedicat</span> <span class='ocrx_word' id='word_1_283' title='bbox 360 2275 375 2306; x_wconf 90' lang='lat' dir='ltr'>p.</span> <span class='ocrx_word' id='word_1_284' title='bbox 384 2264 414 2296; x_wconf 85' lang='lat' dir='ltr'>hos</span> <span class='ocrx_word' id='word_1_285' title='bbox 421 2265 452 2296; x_wconf 79' lang='lat' dir='ltr'>iar.</span> <span class='ocrx_word' id='word_1_286' title='bbox 462 2265 489 2296; x_wconf 83' lang='lat' dir='ltr'>Pa.</span> <span class='ocrx_word' id='word_1_287' title='bbox 498 2268 557 2296; x_wconf 69' lang='lat' dir='ltr'>secutus</span> <span class='ocrx_word' id='word_1_288' title='bbox 565 2264 591 2296; x_wconf 83' lang='lat' dir='ltr'>Fr.</span> <span class='ocrx_word' id='word_1_289' title='bbox 598 2264 668 2307; x_wconf 80' lang='lat' dir='ltr'>Juniuni.</span> <span class='ocrx_word' id='word_1_290' title='bbox 728 2276 746 2299; x_wconf 78' lang='lat'>22</span> <span class='ocrx_word' id='word_1_291' title='bbox 758 2268 780 2300; x_wconf 88' lang='lat' dir='ltr'>al-</span> 
     </span>
    </p>
   </div>
   <div class='ocr_carea' id='block_1_4' title="bbox 113 2319 300 2354">
    <p class='ocr_par' dir='ltr' id='par_1_4' title="bbox 113 2319 300 2354">
     <span class='ocr_line' id='line_1_33' title="bbox 113 2319 300 2354; baseline -0.011 0"><span class='ocrx_word' id='word_1_292' title='bbox 113 2326 163 2354; x_wconf 86' lang='lat' dir='ltr'>terum</span> <span class='ocrx_word' id='word_1_293' title='bbox 171 2319 219 2353; x_wconf 87' lang='lat' dir='ltr'>deum</span> <span class='ocrx_word' id='word_1_294' title='bbox 225 2320 256 2354; x_wconf 81' lang='lat' dir='ltr'>ins.</span> <span class='ocrx_word' id='word_1_295' title='bbox 265 2320 300 2353; x_wconf 89' lang='lat' dir='ltr'>We.</span> 
     </span>
    </p>
   </div>
   <div class='ocr_carea' id='block_1_5' title="bbox 135 2397 780 2441">
    <p class='ocr_par' dir='ltr' id='par_1_5' title="bbox 135 2397 780 2441">
     <span class='ocr_line' id='line_1_34' title="bbox 135 2397 780 2441; baseline 0.006 -11"><span class='ocrx_word' id='word_1_296' title='bbox 135 2407 159 2439; x_wconf 87' lang='lat'>17.</span> <span class='ocrx_word' id='word_1_297' title='bbox 181 2398 222 2430; x_wconf 88' lang='lat' dir='ltr'>Gen.</span> <span class='ocrx_word' id='word_1_298' title='bbox 230 2398 274 2429; x_wconf 84' lang='lat' dir='ltr'>xlviii</span> <span class='ocrx_word' id='word_1_299' title='bbox 283 2406 306 2438; x_wconf 87' lang='lat'>15,</span> <span class='ocrx_word' id='word_1_300' title='bbox 317 2397 340 2430; x_wconf 85' lang='lat'>16.</span> <span class='ocrx_word' id='word_1_301' title='bbox 463 2399 546 2439; x_wconf 74' lang='lat' dir='ltr'>christus]</span> <span class='ocrx_word' id='word_1_302' title='bbox 555 2398 645 2441; x_wconf 86' lang='lat' dir='ltr'>‘Implying</span> <span class='ocrx_word' id='word_1_303' title='bbox 650 2399 683 2432; x_wconf 85' lang='lat' dir='ltr'>that</span> <span class='ocrx_word' id='word_1_304' title='bbox 689 2400 742 2434; x_wconf 87' lang='lat' dir='ltr'>Christ</span> <span class='ocrx_word' id='word_1_305' title='bbox 748 2412 780 2434; x_wconf 78' lang='lat' dir='ltr'>was</span> 
     </span>
    </p>
   </div>
   <div class='ocr_carea' id='block_1_6' title="bbox 134 2441 780 2486">
    <p class='ocr_par' dir='ltr' id='par_1_6' title="bbox 134 2422 857 2486">
     <span class='ocr_line' id='line_1_35' title="bbox 134 2441 780 2486; baseline 0.008 -13"><span class='ocrx_word' id='word_1_306' title='bbox 134 2452 159 2473; x_wconf 59' lang='grc' dir='ltr'>ιο.</span> <span class='ocrx_word' id='word_1_307' title='bbox 181 2442 297 2481; x_wconf 75' lang='lat' dir='ltr'>singutartter]</span> <span class='ocrx_word' id='word_1_308' title='bbox 309 2442 333 2472; x_wconf 85' lang='lat' dir='ltr'>‘in</span> <span class='ocrx_word' id='word_1_309' title='bbox 344 2441 370 2474; x_wconf 87' lang='lat' dir='ltr'>the</span> <span class='ocrx_word' id='word_1_310' title='bbox 378 2441 430 2483; x_wconf 86' lang='lat' dir='ltr'>singu·</span> <span class='ocrx_word' id='word_1_311' title='bbox 463 2443 504 2474; x_wconf 85' lang='lat' dir='ltr'>their</span> <span class='ocrx_word' id='word_1_312' title='bbox 513 2442 569 2481; x_wconf 79' lang='lat' dir='ltr'>father,</span> <span class='ocrx_word' id='word_1_313' title='bbox 582 2452 599 2474; x_wconf 93' lang='lat' dir='ltr'>so</span> <span class='ocrx_word' id='word_1_314' title='bbox 612 2442 646 2475; x_wconf 84' lang='lat' dir='ltr'>that</span> <span class='ocrx_word' id='word_1_315' title='bbox 656 2443 677 2477; x_wconf 80' lang='lat' dir='ltr'>he</span> <span class='ocrx_word' id='word_1_316' title='bbox 688 2443 743 2486; x_wconf 81' lang='lat' dir='ltr'>placed</span> <span class='ocrx_word' id='word_1_317' title='bbox 755 2445 780 2478; x_wconf 90' lang='lat' dir='ltr'>his</span> 
     </span>
    </p>
   </div>
   <div class='ocr_carea' id='block_1_7' title="bbox 112 2482 780 2620">
    <p class='ocr_par' dir='ltr' id='par_1_7' title="bbox 112 2482 780 2620">
     <span class='ocr_line' id='line_1_36' title="bbox 112 2482 780 2529; baseline 0.006 -11"><span class='ocrx_word' id='word_1_318' title='bbox 112 2482 226 2519; x_wconf 80' lang='lat' dir='ltr'>larnumber.&#39;</span> <span class='ocrx_word' id='word_1_319' title='bbox 252 2486 284 2518; x_wconf 82' lang='lat' dir='ltr'>For</span> <span class='ocrx_word' id='word_1_320' title='bbox 298 2485 400 2529; x_wconf 82' lang='lat' dir='ltr'>‘personam&#39;</span> <span class='ocrx_word' id='word_1_321' title='bbox 413 2496 428 2519; x_wconf 84' lang='lat' dir='ltr'>v.</span> <span class='ocrx_word' id='word_1_322' title='bbox 462 2485 514 2519; x_wconf 82' lang='lat' dir='ltr'>hands</span> <span class='ocrx_word' id='word_1_323' title='bbox 525 2486 606 2529; x_wconf 84' lang='lat' dir='ltr'>inaway</span> <span class='ocrx_word' id='word_1_324' title='bbox 616 2485 650 2520; x_wconf 87' lang='lat' dir='ltr'>that</span> <span class='ocrx_word' id='word_1_325' title='bbox 660 2487 780 2523; x_wconf 81' lang='lat' dir='ltr'>foreshadowed</span> 
     </span>
     <span class='ocr_line' id='line_1_37' title="bbox 114 2529 779 2575; baseline 0.005 -12"><span class='ocrx_word' id='word_1_326' title='bbox 114 2529 176 2564; x_wconf 82' lang='lat' dir='ltr'>Introd.</span> <span class='ocrx_word' id='word_1_327' title='bbox 187 2531 195 2569; x_wconf 63' lang='grc' dir='ltr'>ᾖ</span> <span class='ocrx_word' id='word_1_328' title='bbox 205 2529 221 2562; x_wconf 83' lang='grc'>6.</span> <span class='ocrx_word' id='word_1_329' title='bbox 464 2530 490 2563; x_wconf 85' lang='lat' dir='ltr'>the</span> <span class='ocrx_word' id='word_1_330' title='bbox 495 2530 535 2563; x_wconf 90' lang='lat' dir='ltr'>form</span> <span class='ocrx_word' id='word_1_331' title='bbox 540 2531 571 2563; x_wconf 84' lang='lat' dir='ltr'>and</span> <span class='ocrx_word' id='word_1_332' title='bbox 577 2530 638 2564; x_wconf 83' lang='lat' dir='ltr'>fashion</span> <span class='ocrx_word' id='word_1_333' title='bbox 644 2531 662 2564; x_wconf 84' lang='lat' dir='ltr'>of</span> <span class='ocrx_word' id='word_1_334' title='bbox 668 2532 699 2565; x_wconf 87' lang='lat' dir='ltr'>His</span> <span class='ocrx_word' id='word_1_335' title='bbox 705 2533 779 2575; x_wconf 84' lang='lat' dir='ltr'>passion.¹</span> 
     </span>
     <span class='ocr_line' id='line_1_38' title="bbox 134 2574 780 2620; baseline 0.011 -15"><span class='ocrx_word' id='word_1_336' title='bbox 134 2583 159 2618; x_wconf 61' lang='lat'>²9¹</span> <span class='ocrx_word' id='word_1_337' title='bbox 181 2574 231 2613; x_wconf 82' lang='lat' dir='ltr'>quast</span> <span class='ocrx_word' id='word_1_338' title='bbox 242 2575 292 2612; x_wconf 80' lang='lat' dir='ltr'>pater</span> <span class='ocrx_word' id='word_1_339' title='bbox 303 2575 372 2607; x_wconf 80' lang='lat' dir='ltr'>tuorum</span> <span class='ocrx_word' id='word_1_340' title='bbox 385 2576 431 2607; x_wconf 78' lang='lat' dir='ltr'>esset</span> <span class='ocrx_word' id='word_1_341' title='bbox 463 2574 499 2607; x_wconf 86' lang='lat' dir='ltr'>The</span> <span class='ocrx_word' id='word_1_342' title='bbox 516 2574 615 2619; x_wconf 80' lang='lat' dir='ltr'>subjunctive</span> <span class='ocrx_word' id='word_1_343' title='bbox 630 2576 713 2620; x_wconf 83' lang='lat' dir='ltr'>‘poneret&#39;</span> <span class='ocrx_word' id='word_1_344' title='bbox 729 2577 780 2613; x_wconf 88' lang='lat' dir='ltr'>shews</span> 
     </span>
    </p>
   </div>
   <div class='ocr_carea' id='block_1_8' title="bbox 0 0 883 2903">
    <p class='ocr_par' dir='ltr' id='par_1_8' title="bbox 0 0 883 2903">
     <span class='ocr_line' id='line_1_39' title="bbox 0 0 883 2903; baseline 0 0"><span class='ocrx_word' id='word_1_345' title='bbox 0 0 883 2903; x_wconf 95' lang='lat' dir='ltr'> </span> 
     </span>
    </p>
   </div>
  </div>
 </body>
</html>
