1746 2903
141 179 169 224 90
406 179 546 212 Nouariam
655 196 657 198 -
747 178 816 222 [xxm

142 278 171 329 sit,
183 277 230 318 dum
242 289 281 316 non
295 273 422 328 principaliter
435 275 484 316 filius
498 274 529 316 dei
544 283 577 316 est.
604 282 661 329 atque
675 274 719 316 ideo
734 273 813 328 disposi-
856 313 857 317 ,

142 346 214 387 tionem
231 344 287 384 istam
304 344 382 395 angelus
400 342 467 383 uidens
483 350 502 383 et
520 343 606 383 ordinem
624 343 681 384 istum
699 343 812 384 sacramenti

142 411 250 464 expediens,
265 423 305 449 non
319 408 346 449 sic
360 416 430 449 cuncta
444 409 563 449 confundens
581 415 602 448 ut
619 409 693 449 nullum
711 408 811 461 uestigium

142 477 268 519 distinctionis
277 474 378 523 collocarit,
387 474 529 515 distinctionem
535 474 603 527 posuit,
612 475 706 516 dicendo:
713 481 811 527 propterea

121 549 159 598 μί
171 544 220 593 quad
232 546 316 579 irascetur
327 554 349 578 ex
363 546 379 579 te
392 546 479 589 soranam,
492 542 588 580 aramma
594 541 650 591 filias
660 543 700 580 rtet:
713 541 764 581 nesi
776 542 812 582 dis-

142 608 265 651 tributionem
276 606 331 647 istam
344 620 387 647 cum
401 606 518 648 libramentis
530 607 568 648 suis
580 620 620 648 non
632 607 764 660 dispensasset,
778 609 812 649 sed

142 676 162 717 in
176 677 256 716 confuso
270 673 381 727 permixtam
396 673 507 726 reliquisset,
521 688 564 716 uere
578 675 699 715 occasionem
712 675 812 716 haereticis

143 742 258 791 contulisset,
271 748 292 781 ut
305 740 388 780 hominis
402 740 468 789 hlium,
482 754 519 793 qua
532 743 591 782 homo
604 748 637 790 est,
651 743 734 782 eundem
748 749 767 781 et
781 741 812 782 dei

143 818 161 851 et
175 808 257 849 hominis
271 808 330 848 filium
345 806 466 859 pronuntiare
485 808 581 847 deberent.
613 804 666 848 ‘nunc
680 816 743 848 autem
758 807 813 860 parti-

111 877 234 918 roticnlatinr
253 888 354 928 exponens,
373 882 412 914 tam
430 874 494 926 magni
514 875 626 915 sacramenti
648 875 734 917 ordinem
755 882 812 928 atque

143 943 236 985 rationem
249 941 346 982 euidenter
358 932 453 994 expressit,
464 949 484 981 ut
494 941 569 991 diceret,
582 946 600 981 et
610 943 659 994 quod
669 956 692 981 ex
704 948 721 981 ta
731 948 815 981 nascetur

143 1016 231 1059 satanan,
245 1011 340 1049 uocabatur
348 1010 403 1059 filius
419 1010 457 1056 aa,
467 1009 550 1060 probans
565 1009 656 1060 quoniam
672 1009 721 1049 iilius
737 1009 768 1048 dei
782 1010 813 1049 de-

144 1076 228 1117 scendit:
243 1075 275 1126 qui
288 1077 334 1115 dum
347 1074 406 1114 filium
419 1073 501 1114 hominis
512 1074 532 1114 in
545 1088 564 1115 se
577 1075 665 1127 suscepit,
675 1083 814 1126 consequenter

143 1144 196 1185 illum
210 1143 270 1183 filium
284 1142 315 1182 dei
329 1141 385 1190 fecit,
403 1141 494 1192 quoniam
508 1141 561 1181 illum
575 1141 624 1182 filius
638 1142 674 1182 sibi
688 1143 720 1183 dei
734 1141 813 1183 sociauit

112 1226 133 1265 15
144 1218 163 1252 et
176 1209 236 1249 iunxit
258 1216 279 1248 ut
294 1210 342 1249 dum
357 1207 407 1248 filius
422 1207 505 1256 hominis
520 1209 609 1249 adhaeret
624 1209 644 1248 in
659 1209 759 1249 natiuitate
774 1209 813 1248 hlio

144 1277 181 1325 dei,
189 1277 229 1329 ipsa
236 1275 360 1329 permixtione
369 1276 485 1315 faeneratum
495 1282 514 1315 et
523 1283 630 1315 mutuatunr
639 1283 716 1324 teneret,
728 1277 781 1327 quod
791 1290 814 1316 ex

144 1352 210 1384 natura
223 1342 299 1395 propria
312 1341 409 1394 possidere
422 1354 461 1380 non
475 1349 544 1394 posset.
572 1355 594 1381 ac
606 1341 633 1382 sic
646 1343 695 1381 iacta
710 1349 738 1382 est
751 1340 813 1394 angeli

144 1423 198 1459 uoce,
209 1410 261 1461 quod
273 1410 341 1448 nolunt
353 1407 447 1456 haeretici,
457 1408 505 1447 inter
518 1407 577 1448 filium
589 1408 620 1448 dei
633 1408 758 1459 hominisque,
769 1421 812 1449 cum

145 1491 179 1517 sna
196 1484 260 1515 tanren
274 1473 383 1518 sociatione,
397 1474 499 1521 distinctio,
515 1476 600 1524 urgendo
613 1475 655 1514 illos
669 1474 696 1513 uti
710 1474 812 1521 Christum,

113 1558 136 1583 20
144 1541 227 1583 hominis
245 1540 304 1579 filiurn
322 1539 425 1587 hominem,
444 1538 554 1590 intellegant
572 1553 648 1591 quoque
667 1539 698 1579 dei
716 1539 780 1589 filium,
795 1546 814 1578 et

145 1607 243 1648 hominem
259 1606 290 1646 dei
304 1605 369 1654 hlium,
384 1605 404 1645 id
419 1612 447 1645 est
461 1604 492 1646 dei
506 1607 585 1646 uerbum
602 1606 658 1659 (sicut
672 1605 762 1658 scriptum
777 1605 813 1659 est)

176 1697 186 1726 4
197 1683 285 1724 collocarit]
292 1684 343 1716 aret?
410 1693 420 1726 9
431 1687 446 1716 et
454 1683 523 1717 hominis
530 1695 566 1718 aaa
576 1684 612 1718 incl.
623 1684 658 1718 We.
727 1696 744 1728 15
756 1684 813 1718 natiui-
835 1712 837 1714 ,

145 1746 195 1774 tatem
202 1752 214 1781 γ
221 1740 251 1772 Pa:
264 1745 286 1772 -te
294 1750 332 1772 carr.
341 1739 365 1781 Ja.
431 1750 448 1772 21
461 1740 478 1771 id
485 1744 509 1772 est
516 1741 543 1772 dei
550 1740 616 1772 uerbum
622 1751 640 1772 aa
648 1752 657 1772 a
665 1742 715 1783 suppl,
724 1741 755 1774 Pa:
766 1741 783 1774 id
791 1745 814 1774 est

145 1795 212 1829 uerbum
219 1806 235 1836 γ.

171 1874 183 1896 r.
208 1862 340 1902 dispositionem]
357 1872 374 1895 as
386 1873 403 1906 p.
416 1872 440 1904 53.
455 1872 463 1904 7
497 1863 534 1894 ‘He
542 1862 581 1895 held
591 1863 662 1904 onloan,
670 1863 692 1905 by
700 1863 726 1895 the
735 1873 773 1905 very
783 1863 814 1895 iact

146 1908 271 1951 v‘blasphemiam
281 1907 384 1950 dispositione
393 1906 464 1949 legitima
497 1907 514 1939 of
522 1907 548 1940 the
553 1907 607 1946 union,
614 1908 648 1941 that
657 1907 707 1941 which
716 1907 733 1940 of
739 1907 771 1941 His
778 1919 814 1940 oum

147 1958 250 1995 congruenter
257 1951 340 1984 refutauit,¹
496 1956 551 1985 nature
564 1952 591 1984 Hc
605 1963 637 1985 trias
651 1957 679 1985 not
693 1957 783 1994 competent
798 1957 815 1984 to

151 1997 152 2000 ’
168 2010 182 2030 a.
197 1997 306 2036 sacramenti]
312 1996 337 2028 ch.
342 1996 385 2034 xxiii,
392 2007 408 2038 p.
416 1994 441 2027 86.
449 2006 463 2036 7.
496 1996 568 2038 possess.¹

165 2053 182 2084 3.
205 2037 464 2082 expediens]‘developing,'‘ex-
519 2041 542 2072 18.
564 2048 601 2071 cum
611 2049 642 2072 sua
650 2043 708 2072 tamen
716 2040 815 2080 sociatione]

146 2084 233 2130 plaining’:
244 2095 268 2126 cp.
281 2095 296 2127 p.
307 2085 353 2117 1101.
366 2094 374 2125 7
385 2083 464 2126 ‘regulam
497 2087 530 2125 ‘yet
541 2084 579 2116 with
590 2084 616 2117 the
628 2095 684 2127 proper
694 2084 788 2118 association
799 2084 818 2116 of

147 2129 217 2164 ueritatis
223 2128 294 2171 expedit’
301 2140 304 2161 :
312 2129 386 2161 daLamt.
392 2128 463 2169 Martyr.
496 2128 523 2161 the
532 2128 583 2162 Two!

147 2170 464 2215 iv‘tuucomnehdeiroburexpeditur':
519 2181 543 2215 19.
564 2172 646 2212 urgendo]
664 2171 742 2205 amodal
756 2183 784 2205 use
799 2171 817 2204 of

147 2221 165 2253 de
170 2218 217 2261 Spar.
224 2219 239 2250 vi
246 2217 307 2250 'cuiars
313 2217 333 2250 sit
338 2218 386 2250 uerba
391 2216 464 2249 manibus
497 2216 528 2250 abl.
543 2217 612 2260 gertrud:
627 2218 697 2259 argentis
710 2217 763 2250 would
774 2218 815 2250 have

148 2262 234 2307 expedire’
497 2262 544 2303 given
555 2261 582 2295 the
592 2272 635 2295 same
644 2273 694 2295 sense.
718 2262 814 2295 Aclassical

169 2320 183 2349 5.
206 2316 227 2339 ne
234 2308 250 2339 si
256 2305 418 2345 distributionem...]
428 2306 465 2337 ‘lest
497 2305 554 2337 idiom:
566 2317 581 2336 v.
592 2317 619 2348 my
628 2311 665 2338 note
676 2317 697 2338 on
708 2306 742 2339 Cic.
753 2308 815 2346 Cleant.

148 2353 161 2385 if
171 2353 192 2384 he
203 2351 230 2384 did
237 2355 265 2383 not
273 2351 312 2383 allot
319 2350 354 2382 that
363 2349 439 2393 partition
450 2349 468 2381 of
500 2349 533 2391 167,
549 2349 624 2393 referring
637 2354 654 2382 to
667 2350 714 2394 Verg
730 2352 750 2383 Α.
766 2350 776 2383 ii
790 2353 815 2384 81.

148 2402 211 2430 natures
218 2396 257 2429 with
264 2396 284 2428 its
289 2396 320 2428 due
328 2395 394 2428 balance
400 2395 431 2427 and
437 2394 465 2427 left
500 2395 581 2437 ‘Pressiug
592 2395 635 2428 them
646 2403 662 2427 to
673 2396 770 2428 understand
781 2396 816 2428 that

148 2443 161 2474 it
168 2442 185 2472 iu
192 2442 231 2482 hazy
241 2440 329 2476 confusion,
337 2440 357 2470 he
368 2439 419 2481 might
429 2439 465 2480 give
498 2439 557 2478 Christ,
572 2439 608 2470 who
625 2439 639 2471 is
651 2450 693 2478 man,
709 2439 736 2471 the
752 2438 819 2479 Sonos

148 2485 175 2518 the
180 2483 247 2515 heretics
254 2493 264 2514 a
271 2484 304 2515 real
311 2492 367 2515 excuse
374 2481 405 2514 ior⁷
413 2485 442 2514 etc.
498 2482 544 2521 Man,
549 2482 563 2513 is
570 2482 604 2514 also
609 2482 636 2515 the
642 2481 675 2515 Son
681 2481 698 2515 oi
704 2482 750 2522 Gotl;
760 2483 791 2515 and
799 2487 817 2514 to

170 2538 185 2571 9,
207 2527 292 2566 deberent]
314 2526 463 2568 Cpnoteonp85
498 2530 553 2568 accept
561 2535 577 2558 as
586 2526 625 2558 Man
633 2526 659 2559 the
667 2527 699 2559 Son
708 2526 725 2559 of
731 2526 773 2566 God,
782 2526 817 2559 that

150 2573 194 2613 l.14,
498 2570 511 2602 is
526 2570 552 2603 the
567 2570 616 2603 Word
630 2570 647 2604 os
661 2571 697 2605 God
708 2570 745 2605 who
759 2571 773 2604 is
784 2572 816 2612 (ac-

171 2616 194 2649 16.
217 2617 255 2655 ipsa
261 2616 372 2654 permixtione
382 2615 466 2655 posset...]
499 2615 564 2658 cording
571 2620 588 2647 to
596 2616 623 2648 the
631 2613 724 2658 Scriptures)
733 2614 781 2648 Gau)
