1746 2903
101 178 127 218 28
365 187 502 221 NOVATIANI
678 187 735 230 [virt
744 187 769 221 IX

101 294 120 328 et
134 299 192 339 opera
206 285 317 326 mirantibus
332 287 437 327 exclamare
450 287 488 326 iarn
499 285 566 326 libeat:
582 285 683 325 ealtitnle
694 285 770 324 dinitia-

102 367 144 393 cnnz
157 353 257 404 sapientiae
270 357 288 391 et
299 353 384 392 scientiae
396 353 430 401 dei,
443 365 499 404 arcane
512 352 640 396 inscratabilia
652 352 720 391 indicia
732 351 771 390 eins
799 373 801 377 ,

101 425 119 459 et
126 419 258 470 icenestigabiles
266 419 307 457 niae
315 419 369 459 cens!
381 426 401 458 et
410 418 487 471 reliqua.

141 487 175 525 IX.
203 486 276 526 Eadem
286 485 349 537 regula
358 484 444 540 ueritatis
452 486 508 525 docet
517 498 552 525 nos
561 485 638 525 credere
647 491 691 537 post
698 492 770 538 patrem
780 491 790 529 9

81 553 159 600 Setiam
174 552 194 592 in
210 552 269 592 filium
286 551 323 601 dei,
340 551 436 593 Christum
453 553 523 603 Iesum,
539 552 639 594 dominum
655 553 713 593 deum
729 566 771 593 nos-

102 626 158 667 trum,
175 619 209 659 sed
223 617 255 659 dei
269 617 342 667 filiurnj
359 617 416 658 huius
430 619 461 659 dei
477 618 509 671 qui
527 626 545 659 et
563 632 612 658 unus
630 625 649 658 et
667 619 718 658 solus
736 626 770 667 est,

103 684 190 726 conditor
199 684 270 725 scilicet
279 697 342 725 rerum
351 684 443 734 omnium,
453 691 474 725 ut
482 684 521 725 ianr
533 692 552 726 et
564 684 649 738 superius
661 697 771 737 expressum

103 760 136 791 est.
168 752 220 790 hunc
236 751 287 789 enim
303 753 368 791 Iesum
387 751 489 800 Christum,
503 753 571 791 iterum
589 751 651 791 dicam
669 751 725 790 huius
740 751 771 791 dei
827 772 829 774 >

103 818 168 865 filium,
183 823 202 857 et
215 816 235 856 in
249 816 308 857 ueteri
324 823 438 857 testamento
451 817 531 869 legimus
546 831 587 857 esse
603 816 737 869 repromissum
752 824 772 857 et

72 885 124 925 roin
148 897 201 925 nouo
225 891 339 925 testamento
361 883 529 925 animaduertimus
553 884 663 935 exhibitum,
686 883 772 925 omniurn

104 960 264 994 sacramentorum
284 953 360 993 umbras
378 959 396 992 et
414 953 482 1003 figuras
500 953 524 992 de
541 952 648 1004 praesentia
663 959 773 1004 corporatae

104 1019 188 1061 ueritatis
200 1018 318 1072 implentem.
344 1019 396 1059 hunc
405 1018 456 1060 enirn
465 1019 554 1060 Abrahae
563 1019 628 1069 filiurn,
639 1020 690 1059 hunc
698 1018 769 1068 Dauid,

105 1100 145 1126 non
158 1086 220 1125 minus
234 1093 253 1124 et
266 1092 330 1124 uetera
341 1084 438 1136 praedicta
452 1091 471 1125 et
485 1084 583 1135 euangelia
597 1091 694 1124 testantur.
721 1085 773 1123 hunc

105 1153 146 1205 ipsa
168 1151 254 1200 Genesis
272 1165 316 1191 cum
337 1150 394 1191 dicit:
417 1151 451 1190 tibi
471 1152 517 1191 labe
537 1156 555 1190 et
572 1152 638 1191 tecelini
656 1157 700 1198 tna,·
721 1152 773 1191 hunc

74 1219 183 1273 15quand0
205 1219 297 1259 luctatum
320 1217 403 1259 ostendit
428 1217 526 1259 hominem
551 1231 594 1258 cum
618 1219 677 1259 Iacob
684 1232 689 1268 3
715 1219 772 1268 hune,

169 1326 187 1358 13
198 1315 240 1348 hunc
246 1325 279 1347 non
286 1315 339 1347 minus
345 1315 378 1348 edel.
385 1327 389 1347 ε
396 1314 436 1358 fort.
446 1315 526 1356 legendnm
533 1314 575 1347 hune
582 1325 615 1347 non
622 1315 674 1348 minus
681 1315 712 1348 dei.

129 1424 142 1445 ι.
161 1411 208 1443 Rom·
216 1411 232 1443 xi
240 1421 259 1452 33
267 1409 424 1453 vvhereVulg.reads
456 1408 505 1442 cion's
514 1409 555 1442 view
565 1410 600 1442 that
612 1410 665 1443 Christ
677 1422 721 1444 carne
733 1411 773 1444 srorn
822 1406 823 1409 ¹

106 1455 270 1495 incomprehensibilia
458 1454 492 1484 ‘the
506 1455 548 1495 good
564 1453 607 1485 God'
622 1454 664 1486 Who
679 1455 692 1486 is
710 1454 774 1488 distinct

118 1500 158 1532 'sne
169 1499 220 1532 RULE
231 1506 253 1531 or
264 1498 335 1531 Tnnrn.
357 1498 416 1531 Second
456 1496 498 1530 srorn
515 1497 542 1531 the
560 1497 647 1541 Demiurge
666 1509 684 1531 or
702 1500 774 1533 Creator.

241 1544 285 1575 Part.
359 1552 360 1555 ’
458 1541 497 1584 May
502 1546 530 1580 not
535 1542 562 1573 the
568 1542 612 1574 word
617 1553 661 1574 terens
666 1543 707 1575 have
713 1543 774 1577 formed
814 1545 817 1548 ’
852 1555 853 1559 ’

128 1587 158 1621 ΙΧ.
182 1587 201 1619 ‘l
206 1586 261 1619 believe
269 1586 301 1620 alre
310 1586 328 1619 in
336 1587 360 1618 tbe
368 1586 429 1630 Senes
457 1591 493 1629 part
506 1587 524 1619 of
537 1586 631 1620 Novatian's
645 1587 702 1627 Creed,
716 1588 776 1632 having

109 1632 146 1672 Get,
154 1632 263 1673 Cbn'stJesns,
269 1642 300 1663 ann
305 1632 349 1663 tert
355 1631 392 1669 Geel,
399 1632 426 1663 bnt
457 1632 498 1663 been
503 1632 586 1673 preserved
593 1631 636 1669 here,
641 1632 702 1674 though
709 1633 776 1665 omitted

106 1675 252 1718 tbeSanesGacl.’
274 1675 427 1718 Heraasprenrireel
457 1675 473 1706 in
486 1673 567 1707 ciint't.
580 1686 598 1707 or
609 1675 678 1718 perhaps
691 1676 776 1720 purposely

108 1722 126 1753 in
133 1721 159 1753 tlte
168 1720 199 1752 Old
205 1721 292 1752 Testament
298 1720 333 1751 ared
338 1720 351 1751 e's
358 1720 428 1753 inncalrd
457 1719 530 1761 dropped
537 1720 604 1752 because
611 1720 629 1752 of
636 1721 656 1752 its
663 1721 776 1763 unlamiliarity
815 1735 817 1737 ·

107 1765 125 1795 in
132 1765 158 1796 tlrc
166 1765 205 1795 ntea
217 1765 304 1795 Tertanccnt
311 1763 428 1805 cetcoaorarag
458 1767 474 1794 to
482 1763 521 1794 later
527 1764 589 1795 Roman
595 1764 675 1805 copyistst'
686 1764 702 1796 lt
707 1774 776 1797 unsvers

108 1810 151 1842 atat
170 1819 203 1841 was
221 1808 285 1840 sbadeca
304 1806 338 1839 acret
354 1811 426 1849 niestein.
458 1810 475 1838 to
487 1805 544 1839 ncnricns
556 1806 573 1838 in
583 1807 684 1841 Tertullian’s
694 1808 740 1841 creed
752 1809 776 1848 [a’e

111 1851 424 1892 lbePeecnisctraccdtbcaugbMares,
462 1850 505 1891 bbg*
521 1851 551 1883 Vel.
567 1850 577 1890 i,
592 1851 630 1883 adri.
641 1852 692 1884 Praei.
705 1851 723 1896 i).
746 1853 776 1886 See

108 1897 134 1929 tbc
140 1896 219 1938 Prapbets
228 1896 263 1928 aecci
268 1896 293 1927 tbe
301 1895 367 1927 Psalcnr.
459 1894 521 1926 Introd.
528 1896 551 1934 §a
559 1895 581 1934 iii,
591 1905 607 1938 p.
614 1896 656 1928 xxvi,

130 1950 143 1983 5.
168 1941 255 1973 ‘etiamn
265 1941 319 1972 filium
328 1941 360 1979 del,
373 1940 426 1971 atris-
481 1948 504 1971 10.
529 1938 618 1982 ‘Fulfilling
627 1940 654 1972 the
663 1940 736 1974 shadows
745 1942 776 1974 and

108 1988 146 2018 tum
157 1987 223 2025 Iesump
231 1986 317 2017 dominum
328 1986 378 2016 deum
389 1992 426 2016 noa·
459 1983 516 2025 figures
527 1984 545 2016 of
553 1984 575 2015 all
585 1982 631 2026 types
641 1986 672 2017 and
683 1986 777 2028 prophecies

108 2028 169 2070 trum']
186 2029 216 2072 Cp.
230 2033 268 2061 note
282 2038 302 2059 on
315 2028 340 2061 ch.
351 2029 361 2066 i.
374 2028 427 2060 where
459 2026 475 2060 in
488 2028 515 2060 the
527 2027 594 2061 realised
605 2028 714 2062 embodiment
724 2029 743 2063 of
750 2030 777 2064 the

109 2075 136 2108 the
149 2075 190 2107 First
202 2073 262 2106 Article
274 2072 291 2106 of
300 2073 327 2106 the
338 2072 426 2115 Baptismal
459 2071 513 2105 truth.¹
534 2072 569 2105 The
576 2073 650 2115 meaning
657 2074 675 2106 ot
680 2080 777 2107 sacramenta

109 2119 160 2152 Creed
169 2118 182 2150 is
191 2118 243 2159 given.
266 2117 302 2149 The
310 2117 352 2149 close
361 2116 427 2149 similar·
459 2116 472 2148 is
486 2121 542 2149 netto
554 2116 574 2149 be
586 2118 676 2151 restricted:
689 2118 701 2150 it
712 2119 778 2152 denotes

109 2163 132 2206 ity
147 2167 163 2195 to
175 2163 202 2196 the
214 2160 294 2205 Apostles¹
308 2162 359 2194 Creed
371 2161 390 2193 ot
400 2161 427 2194 the
460 2160 560 2203 ‘mysteries'
584 2162 606 2195 So
624 2163 642 2194 de
661 2162 693 2195 Cib.
711 2163 748 2196 lael.
768 2174 778 2196 v

109 2209 154 2240 West
165 2207 179 2238 is
191 2207 259 2243 evident,
271 2206 355 2247 especially
369 2206 386 2237 in
400 2206 427 2237 the
462 2205 621 2237 ‘Christus...omnia
635 2216 675 2247 quae
690 2217 778 2239 sacramen·

109 2250 181 2283 addition
195 2250 213 2282 ol
226 2251 253 2282 the
265 2249 317 2281 words
331 2248 427 2282 ‘Dominum
460 2253 512 2281 torum
531 2248 592 2281 nebulis
613 2249 698 2292 antiquitas
719 2255 779 2284 texerat

110 2294 191 2329 nostrum-³
207 2295 246 2327 This
254 2295 300 2327 isnot
308 2299 324 2326 to
331 2294 405 2326 befound
411 2293 427 2326 in
460 2292 566 2335 patefaciens?
588 2292 618 2336 Cp.
626 2305 642 2337 p.
651 2302 659 2336 5
667 2294 678 2327 l.
686 2294 717 2327 811.

110 2339 212 2374 Tertullian's
229 2339 288 2373 Creeds
305 2339 328 2378 (as
343 2339 391 2381 given
407 2339 429 2380 hv
483 2348 507 2370 rr.
522 2337 779 2374 ‘ToHimtheSonofAhraham

111 2385 161 2418 Hahn
172 2384 246 2425 syeniae,
258 2394 286 2426 pp.
295 2394 309 2422 a,
322 2380 337 2425 3)
342 2394 347 2421 ς
358 2383 386 2415 but
396 2383 427 2415 Ire·
460 2382 492 2414 and
500 2381 533 2415 Son
540 2381 558 2414 of
564 2382 622 2422 David,
631 2382 674 2415 alike
681 2384 708 2416 the
715 2385 779 2417 ancient

111 2439 160 2461 naeus
171 2427 226 2471 (centn.
239 2428 287 2459 Haec.
299 2427 315 2459 iv
325 2426 352 2467 62)
363 2428 392 2459 has
402 2427 429 2459 τὸν
461 2426 555 2469 prophecies
569 2427 600 2459 and
617 2427 644 2460 the
658 2428 726 2471 Gospels
742 2429 780 2462 bear

111 2475 167 2515 Κύριον
174 2472 216 2512 ἡμῶν
224 2470 263 2514 (ib).
461 2469 537 2503 witness!
557 2471 588 2503 We
595 2477 636 2505 must
641 2472 678 2505 take
685 2483 717 2506 που
725 2474 780 2507 eteiccns

132 2517 147 2550 6.
170 2517 206 2557 sed]
227 2516 249 2547 N.
257 2515 394 2558 wishestoguard
403 2515 429 2547 the
462 2515 687 2558 asequivalentto‘pariter.⁷

111 2558 424 2603 unityottheGodhead(monarchia).
484 2567 508 2600 14.
529 2558 570 2592 Gen.
578 2559 610 2592 xvii
617 2562 632 2593 8.

132 2605 152 2639 ib.
168 2603 256 2644 tiburtes]
264 2603 429 2646 controvertingMar·
484 2611 508 2645 15.
530 2602 571 2636 Gen.
579 2602 622 2637 xxxii
630 2615 655 2646 24.
