<?xml version="1.0" encoding="UTF-8"?>
<!DOCTYPE html PUBLIC "-//W3C//DTD XHTML 1.0 Transitional//EN"
    "http://www.w3.org/TR/xhtml1/DTD/xhtml1-transitional.dtd">
<html xmlns="http://www.w3.org/1999/xhtml" xml:lang="en" lang="en">
 <head>
  <title>
</title>
<meta http-equiv="Content-Type" content="text/html;charset=utf-8" />
  <meta name='ocr-system' content='tesseract 3.04.00' />
  <meta name='ocr-capabilities' content='ocr_page ocr_carea ocr_par ocr_line ocrx_word'/>
</head>
<body>
  <div class='ocr_page' id='page_1' title='image "MN41666ucmf_3_0185.png"; bbox 0 0 1746 2903; ppageno 0'>
   <div class='ocr_carea' id='block_1_1' title="bbox 91 167 757 210">
    <p class='ocr_par' dir='ltr' id='par_1_1' title="bbox 91 167 757 210">
     <span class='ocr_line' id='line_1_1' title="bbox 91 167 757 210; baseline -0.005 -8"><span class='ocrx_word' id='word_1_1' title='bbox 91 169 174 209; x_wconf 86' lang='lat' dir='ltr'>XXVIII]</span> <span class='ocrx_word' id='word_1_2' title='bbox 286 169 322 202; x_wconf 86' lang='lat' dir='ltr'>DE</span> <span class='ocrx_word' id='word_1_3' title='bbox 338 168 472 202; x_wconf 76' lang='lat' dir='ltr'>TarNJTnTE</span> <span class='ocrx_word' id='word_1_4' title='bbox 485 168 560 202; x_wconf 84' lang='lat' dir='ltr'><em>LIBER</em></span> <span class='ocrx_word' id='word_1_5' title='bbox 613 178 615 181; x_wconf 61' lang='lat'><em>⁴</em></span> <span class='ocrx_word' id='word_1_6' title='bbox 720 167 757 210; x_wconf 78' lang='lat'>103</span> 
     </span>
    </p>
   </div>
   <div class='ocr_carea' id='block_1_2' title="bbox 85 257 792 1440">
    <p class='ocr_par' dir='ltr' id='par_1_2' title="bbox 85 257 792 1375">
     <span class='ocr_line' id='line_1_2' title="bbox 90 257 758 311; baseline 0 -12"><span class='ocrx_word' id='word_1_7' title='bbox 90 273 140 300; x_wconf 90' lang='lat' dir='ltr'>mons</span> <span class='ocrx_word' id='word_1_8' title='bbox 148 259 211 311; x_wconf 72' lang='lat' dir='ltr'>diliget</span> <span class='ocrx_word' id='word_1_9' title='bbox 218 260 275 308; x_wconf 72' lang='lat' dir='ltr'>oleron,</span> <span class='ocrx_word' id='word_1_10' title='bbox 286 265 304 299; x_wconf 75' lang='lat' dir='ltr'>et</span> <span class='ocrx_word' id='word_1_11' title='bbox 310 261 338 299; x_wconf 84' lang='lat' dir='ltr'>oo</span> <span class='ocrx_word' id='word_1_12' title='bbox 345 272 385 299; x_wconf 86' lang='lat' dir='ltr'>anm</span> <span class='ocrx_word' id='word_1_13' title='bbox 395 258 490 306; x_wconf 84' lang='lat' dir='ltr'>noniennos,</span> <span class='ocrx_word' id='word_1_14' title='bbox 500 263 518 297; x_wconf 82' lang='lat' dir='ltr'>et</span> <span class='ocrx_word' id='word_1_15' title='bbox 525 257 637 297; x_wconf 76' lang='lat' dir='ltr'><em>mansionem</em></span> <span class='ocrx_word' id='word_1_16' title='bbox 647 259 698 309; x_wconf 78' lang='lat' dir='ltr'>aponi</span> <span class='ocrx_word' id='word_1_17' title='bbox 705 259 758 299; x_wconf 80' lang='lat' dir='ltr'>elliam</span> 
     </span>
     <span class='ocr_line' id='line_1_3' title="bbox 85 324 759 377; baseline 0 -12"><span class='ocrx_word' id='word_1_18' title='bbox 85 326 179 375; x_wconf 77' lang='lat' dir='ltr'>saonomns.</span> <span class='ocrx_word' id='word_1_19' title='bbox 211 339 302 366; x_wconf 88' lang='lat' dir='ltr'>necnon</span> <span class='ocrx_word' id='word_1_20' title='bbox 318 325 374 366; x_wconf 87' lang='lat' dir='ltr'>etiam</span> <span class='ocrx_word' id='word_1_21' title='bbox 391 324 476 365; x_wconf 83' lang='lat' dir='ltr'>subdidit</span> <span class='ocrx_word' id='word_1_22' title='bbox 491 324 538 365; x_wconf 91' lang='lat' dir='ltr'>illud</span> <span class='ocrx_word' id='word_1_23' title='bbox 554 338 642 377; x_wconf 89' lang='lat' dir='ltr'>quoque:</span> <span class='ocrx_word' id='word_1_24' title='bbox 660 327 759 366; x_wconf 82' lang='lat' dir='ltr'>aa&#39;nooatas</span> 
     </span>
     <span class='ocr_line' id='line_1_4' title="bbox 91 392 759 443; baseline 0.001 -13"><span class='ocrx_word' id='word_1_25' title='bbox 91 397 151 432; x_wconf 77' lang='lat' dir='ltr'>aretem</span> <span class='ocrx_word' id='word_1_26' title='bbox 165 393 196 431; x_wconf 83' lang='lat' dir='ltr'>ilie</span> <span class='ocrx_word' id='word_1_27' title='bbox 208 393 286 443; x_wconf 76' lang='lat' dir='ltr'>spiritns</span> <span class='ocrx_word' id='word_1_28' title='bbox 300 396 377 441; x_wconf 71' lang='lat' dir='ltr'>saianans,</span> <span class='ocrx_word' id='word_1_29' title='bbox 394 405 445 442; x_wconf 82' lang='lat' dir='ltr'><em>qnom</em></span> <span class='ocrx_word' id='word_1_30' title='bbox 459 392 549 431; x_wconf 78' lang='lat' dir='ltr'>missiones</span> <span class='ocrx_word' id='word_1_31' title='bbox 565 396 662 441; x_wconf 69' lang='lat' dir='ltr'>esinatae,</span> <span class='ocrx_word' id='word_1_32' title='bbox 679 392 710 431; x_wconf 87' lang='lat' dir='ltr'>ille</span> <span class='ocrx_word' id='word_1_33' title='bbox 727 406 759 431; x_wconf 87' lang='lat' dir='ltr'>nos</span> 
     </span>
     <span class='ocr_line' id='line_1_5' title="bbox 91 458 759 509; baseline 0.003 -13"><span class='ocrx_word' id='word_1_34' title='bbox 91 458 157 496; x_wconf 79' lang='lat' dir='ltr'>docebit</span> <span class='ocrx_word' id='word_1_35' title='bbox 168 462 186 496; x_wconf 83' lang='lat' dir='ltr'>et</span> <span class='ocrx_word' id='word_1_36' title='bbox 197 458 341 497; x_wconf 76' lang='lat' dir='ltr'><em>commemorabit</em></span> <span class='ocrx_word' id='word_1_37' title='bbox 355 458 417 496; x_wconf 86' lang='lat' dir='ltr'>omnio</span> <span class='ocrx_word' id='word_1_38' title='bbox 429 469 548 509; x_wconf 77' lang='lat' dir='ltr'>onaeonmqne</span> <span class='ocrx_word' id='word_1_39' title='bbox 561 458 629 496; x_wconf 79' lang='lat' dir='ltr'>dixeno.</span> <span class='ocrx_word' id='word_1_40' title='bbox 658 458 759 509; x_wconf 88' lang='lat' dir='ltr'>praemittit</span> 
     </span>
     <span class='ocr_line' id='line_1_6' title="bbox 92 522 777 576; baseline 0.003 -13"><span class='ocrx_word' id='word_1_41' title='bbox 92 524 155 564; x_wconf 91' lang='lat' dir='ltr'>adhuc</span> <span class='ocrx_word' id='word_1_42' title='bbox 170 523 227 564; x_wconf 85' lang='lat' dir='ltr'>istum</span> <span class='ocrx_word' id='word_1_43' title='bbox 243 526 312 572; x_wconf 86' lang='lat' dir='ltr'>locum,</span> <span class='ocrx_word' id='word_1_44' title='bbox 328 537 366 576; x_wconf 91' lang='lat' dir='ltr'>quo</span> <span class='ocrx_word' id='word_1_45' title='bbox 382 525 470 564; x_wconf 80' lang='lat' dir='ltr'>ostendat</span> <span class='ocrx_word' id='word_1_46' title='bbox 485 537 506 563; x_wconf 89' lang='lat' dir='ltr'>se</span> <span class='ocrx_word' id='word_1_47' title='bbox 522 536 562 563; x_wconf 89' lang='lat' dir='ltr'>esse</span> <span class='ocrx_word' id='word_1_48' title='bbox 578 522 643 571; x_wconf 85' lang='lat' dir='ltr'>filium,</span> <span class='ocrx_word' id='word_1_49' title='bbox 658 531 676 564; x_wconf 94' lang='lat' dir='ltr'>et</span> <span class='ocrx_word' id='word_1_50' title='bbox 692 524 777 574; x_wconf 84' lang='lat' dir='ltr'>merito&#39;5</span> 
     </span>
     <span class='ocr_line' id='line_1_7' title="bbox 92 589 761 640; baseline 0 -11"><span class='ocrx_word' id='word_1_51' title='bbox 92 590 182 638; x_wconf 80' lang='lat' dir='ltr'>subdidit,</span> <span class='ocrx_word' id='word_1_52' title='bbox 201 597 219 629; x_wconf 93' lang='lat' dir='ltr'>et</span> <span class='ocrx_word' id='word_1_53' title='bbox 237 589 293 630; x_wconf 85' lang='lat' dir='ltr'>dicit:</span> <span class='ocrx_word' id='word_1_54' title='bbox 316 591 334 629; x_wconf 93' lang='lat' dir='ltr'>si</span> <span class='ocrx_word' id='word_1_55' title='bbox 351 602 377 628; x_wconf 90' lang='lat' dir='ltr'>me</span> <span class='ocrx_word' id='word_1_56' title='bbox 392 590 493 640; x_wconf 78' lang='lat' dir='ltr'>diligeretis,</span> <span class='ocrx_word' id='word_1_57' title='bbox 510 589 618 640; x_wconf 74' lang='lat' dir='ltr'><em>gauderetis,</em></span> <span class='ocrx_word' id='word_1_58' title='bbox 637 591 681 638; x_wconf 77' lang='lat' dir='ltr'>nam</span> <span class='ocrx_word' id='word_1_59' title='bbox 699 604 718 629; x_wconf 88' lang='lat' dir='ltr'>eo</span> <span class='ocrx_word' id='word_1_60' title='bbox 735 592 761 629; x_wconf 81' lang='lat' dir='ltr'>aa</span> 
     </span>
     <span class='ocr_line' id='line_1_8' title="bbox 87 656 758 709; baseline 0.004 -14"><span class='ocrx_word' id='word_1_61' title='bbox 87 662 175 709; x_wconf 75' lang='lat' dir='ltr'>patrem:</span> <span class='ocrx_word' id='word_1_62' title='bbox 192 658 236 708; x_wconf 81' lang='lat' dir='ltr'>qam</span> <span class='ocrx_word' id='word_1_63' title='bbox 247 662 304 708; x_wconf 75' lang='lat' dir='ltr'>,natan</span> <span class='ocrx_word' id='word_1_64' title='bbox 318 657 379 696; x_wconf 79' lang='lat' dir='ltr'>einaim</span> <span class='ocrx_word' id='word_1_65' title='bbox 395 670 422 695; x_wconf 85' lang='lat' dir='ltr'>nie</span> <span class='ocrx_word' id='word_1_66' title='bbox 439 662 470 696; x_wconf 82' lang='lat' dir='ltr'>est.</span> <span class='ocrx_word' id='word_1_67' title='bbox 502 656 548 709; x_wconf 86' lang='lat' dir='ltr'>quid</span> <span class='ocrx_word' id='word_1_68' title='bbox 563 663 627 696; x_wconf 85' lang='lat' dir='ltr'>autem</span> <span class='ocrx_word' id='word_1_69' title='bbox 643 670 687 697; x_wconf 89' lang='lat' dir='ltr'>cum</span> <span class='ocrx_word' id='word_1_70' title='bbox 702 657 758 698; x_wconf 90' lang='lat' dir='ltr'>etiam</span> 
     </span>
     <span class='ocr_line' id='line_1_9' title="bbox 92 723 773 775; baseline 0 -11"><span class='ocrx_word' id='word_1_71' title='bbox 92 724 123 764; x_wconf 91' lang='lat' dir='ltr'>illa</span> <span class='ocrx_word' id='word_1_72' title='bbox 132 723 237 765; x_wconf 71' lang='lat' dir='ltr'>subnectit:</span> <span class='ocrx_word' id='word_1_73' title='bbox 251 737 281 775; x_wconf 82' lang='lat' dir='ltr'>ogo</span> <span class='ocrx_word' id='word_1_74' title='bbox 292 736 334 764; x_wconf 76' lang='lat' dir='ltr'>soron</span> <span class='ocrx_word' id='word_1_75' title='bbox 345 723 390 763; x_wconf 70' lang='lat' dir='ltr'>nilis</span> <span class='ocrx_word' id='word_1_76' title='bbox 401 736 451 771; x_wconf 81' lang='lat' dir='ltr'>irena,</span> <span class='ocrx_word' id='word_1_77' title='bbox 461 727 540 774; x_wconf 75' lang='lat' dir='ltr'>orporea</span> <span class='ocrx_word' id='word_1_78' title='bbox 548 736 597 762; x_wconf 80' lang='lat' dir='ltr'>ornem</span> <span class='ocrx_word' id='word_1_79' title='bbox 605 723 696 775; x_wconf 81' lang='lat' dir='ltr'>agricola:</span> <span class='ocrx_word' id='word_1_80' title='bbox 709 727 773 764; x_wconf 75' lang='lat' dir='ltr'>ornare&#39;</span> 
     </span>
     <span class='ocr_line' id='line_1_10' title="bbox 92 790 760 841; baseline -0.001 -10"><span class='ocrx_word' id='word_1_81' title='bbox 92 797 204 831; x_wconf 76' lang='lat' dir='ltr'>sarmentum</span> <span class='ocrx_word' id='word_1_82' title='bbox 213 792 232 829; x_wconf 84' lang='lat' dir='ltr'>in</span> <span class='ocrx_word' id='word_1_83' title='bbox 242 804 269 830; x_wconf 85' lang='lat' dir='ltr'>nae</span> <span class='ocrx_word' id='word_1_84' title='bbox 276 804 312 830; x_wconf 91' lang='lat' dir='ltr'>non</span> <span class='ocrx_word' id='word_1_85' title='bbox 321 790 484 841; x_wconf 76' lang='lat' dir='ltr'>affirensfmntmn</span> <span class='ocrx_word' id='word_1_86' title='bbox 494 791 542 828; x_wconf 78' lang='lat' dir='ltr'>tollit</span> <span class='ocrx_word' id='word_1_87' title='bbox 550 790 600 839; x_wconf 77' lang='lat' dir='ltr'>illnd¹</span> <span class='ocrx_word' id='word_1_88' title='bbox 611 795 628 828; x_wconf 86' lang='lat' dir='ltr'>a‘</span> <span class='ocrx_word' id='word_1_89' title='bbox 635 803 686 831; x_wconf 75' lang='lat' dir='ltr'>omine</span> <span class='ocrx_word' id='word_1_90' title='bbox 693 791 760 841; x_wconf 78' lang='lat' dir='ltr'>forrati-</span> 
     </span>
     <span class='ocr_line' id='line_1_11' title="bbox 86 858 792 911; baseline 0 -12"><span class='ocrx_word' id='word_1_91' title='bbox 86 862 151 911; x_wconf 82' lang='lat' dir='ltr'>fomm</span> <span class='ocrx_word' id='word_1_92' title='bbox 160 866 238 911; x_wconf 79' lang='lat' dir='ltr'>pangat,</span> <span class='ocrx_word' id='word_1_93' title='bbox 253 865 274 898; x_wconf 80' lang='lat' dir='ltr'>nt</span> <span class='ocrx_word' id='word_1_94' title='bbox 282 860 367 910; x_wconf 80' lang='lat' dir='ltr'>fractane</span> <span class='ocrx_word' id='word_1_95' title='bbox 381 860 486 909; x_wconf 78' lang='lat' dir='ltr'>ampliorem</span> <span class='ocrx_word' id='word_1_96' title='bbox 496 859 564 908; x_wconf 63' lang='lat' dir='ltr'>sonat?</span> <span class='ocrx_word' id='word_1_97' title='bbox 590 858 647 898; x_wconf 87' lang='lat' dir='ltr'>instat</span> <span class='ocrx_word' id='word_1_98' title='bbox 662 860 725 899; x_wconf 88' lang='lat' dir='ltr'>adhuc</span> <span class='ocrx_word' id='word_1_99' title='bbox 740 868 792 899; x_wconf 87' lang='lat' dir='ltr'>etro</span> 
     </span>
     <span class='ocr_line' id='line_1_12' title="bbox 92 925 759 975; baseline -0.004 -9"><span class='ocrx_word' id='word_1_100' title='bbox 92 925 162 966; x_wconf 84' lang='lat' dir='ltr'>adicit:</span> <span class='ocrx_word' id='word_1_101' title='bbox 176 927 222 965; x_wconf 82' lang='lat' dir='ltr'>se&#39;eroi</span> <span class='ocrx_word' id='word_1_102' title='bbox 233 926 299 965; x_wconf 77' lang='lat' dir='ltr'>iniexit</span> <span class='ocrx_word' id='word_1_103' title='bbox 309 938 336 965; x_wconf 93' lang='lat' dir='ltr'>me</span> <span class='ocrx_word' id='word_1_104' title='bbox 343 930 404 975; x_wconf 73' lang='lat' dir='ltr'>poree,</span> <span class='ocrx_word' id='word_1_105' title='bbox 414 929 432 964; x_wconf 80' lang='lat' dir='ltr'>ei</span> <span class='ocrx_word' id='word_1_106' title='bbox 441 938 471 975; x_wconf 82' lang='lat' dir='ltr'>ego</span> <span class='ocrx_word' id='word_1_107' title='bbox 482 925 541 964; x_wconf 75' lang='lat' dir='ltr'>aetem</span> <span class='ocrx_word' id='word_1_108' title='bbox 551 938 595 965; x_wconf 86' lang='lat' dir='ltr'>nos:</span> <span class='ocrx_word' id='word_1_109' title='bbox 607 930 678 964; x_wconf 77' lang='lat' dir='ltr'>monnio</span> <span class='ocrx_word' id='word_1_110' title='bbox 689 926 709 964; x_wconf 92' lang='lat' dir='ltr'>in</span> <span class='ocrx_word' id='word_1_111' title='bbox 721 939 759 965; x_wconf 84' lang='lat' dir='ltr'>noea</span> 
     </span>
     <span class='ocr_line' id='line_1_13' title="bbox 92 990 760 1039; baseline -0.001 -8"><span class='ocrx_word' id='word_1_112' title='bbox 92 991 181 1038; x_wconf 59' lang='lat' dir='ltr'>carnaim</span> <span class='ocrx_word' id='word_1_113' title='bbox 198 992 216 1031; x_wconf 91' lang='lat' dir='ltr'>si</span> <span class='ocrx_word' id='word_1_114' title='bbox 228 992 316 1031; x_wconf 76' lang='lat' dir='ltr'>ioanndata</span> <span class='ocrx_word' id='word_1_115' title='bbox 331 1003 370 1029; x_wconf 85' lang='lat' dir='ltr'>mm</span> <span class='ocrx_word' id='word_1_116' title='bbox 383 991 506 1039; x_wconf 83' lang='lat' dir='ltr'>soonaoon&#39;n&#39;s,</span> <span class='ocrx_word' id='word_1_117' title='bbox 521 990 615 1029; x_wconf 78' lang='lat' dir='ltr'>manebitis</span> <span class='ocrx_word' id='word_1_118' title='bbox 628 991 647 1028; x_wconf 92' lang='lat' dir='ltr'>in</span> <span class='ocrx_word' id='word_1_119' title='bbox 661 1003 700 1029; x_wconf 80' lang='lat' dir='ltr'>norea</span> <span class='ocrx_word' id='word_1_120' title='bbox 714 993 760 1030; x_wconf 79' lang='lat' dir='ltr'>eani-</span> 
     </span>
     <span class='ocr_line' id='line_1_14' title="bbox 93 1056 758 1108; baseline 0 -11"><span class='ocrx_word' id='word_1_121' title='bbox 93 1062 134 1105; x_wconf 83' lang='lat' dir='ltr'>iaie,</span> <span class='ocrx_word' id='word_1_122' title='bbox 144 1058 191 1097; x_wconf 77' lang='lat' dir='ltr'>sient</span> <span class='ocrx_word' id='word_1_123' title='bbox 200 1071 230 1108; x_wconf 83' lang='lat' dir='ltr'>ego</span> <span class='ocrx_word' id='word_1_124' title='bbox 237 1057 302 1108; x_wconf 73' lang='lat' dir='ltr'>patin</span> <span class='ocrx_word' id='word_1_125' title='bbox 313 1056 402 1095; x_wconf 82' lang='lat' dir='ltr'>noandata</span> <span class='ocrx_word' id='word_1_126' title='bbox 414 1056 493 1104; x_wconf 78' lang='lat' dir='ltr'>sorreani,</span> <span class='ocrx_word' id='word_1_127' title='bbox 503 1060 520 1094; x_wconf 84' lang='lat' dir='ltr'>oi</span> <span class='ocrx_word' id='word_1_128' title='bbox 531 1069 593 1095; x_wconf 80' lang='lat' dir='ltr'>manno</span> <span class='ocrx_word' id='word_1_129' title='bbox 602 1057 621 1094; x_wconf 92' lang='lat' dir='ltr'>in</span> <span class='ocrx_word' id='word_1_130' title='bbox 631 1056 669 1095; x_wconf 86' lang='lat' dir='ltr'>eins</span> <span class='ocrx_word' id='word_1_131' title='bbox 677 1057 758 1097; x_wconf 77' lang='lat' dir='ltr'>aoraton.</span> 
     </span>
     <span class='ocr_line' id='line_1_15' title="bbox 93 1121 760 1177; baseline -0.001 -13"><span class='ocrx_word' id='word_1_132' title='bbox 93 1125 156 1164; x_wconf 90' lang='lat' dir='ltr'>adhuc</span> <span class='ocrx_word' id='word_1_133' title='bbox 171 1122 242 1177; x_wconf 89' lang='lat' dir='ltr'>ingerit,</span> <span class='ocrx_word' id='word_1_134' title='bbox 259 1130 278 1163; x_wconf 93' lang='lat' dir='ltr'>et</span> <span class='ocrx_word' id='word_1_135' title='bbox 295 1121 352 1163; x_wconf 90' lang='lat' dir='ltr'>dicit:</span> <span class='ocrx_word' id='word_1_136' title='bbox 370 1122 413 1162; x_wconf 77' lang='lat' dir='ltr'>inni</span> <span class='ocrx_word' id='word_1_137' title='bbox 428 1127 487 1163; x_wconf 77' lang='lat' dir='ltr'>aneton</span> <span class='ocrx_word' id='word_1_138' title='bbox 505 1137 537 1163; x_wconf 87' lang='lat' dir='ltr'>nos</span> <span class='ocrx_word' id='word_1_139' title='bbox 554 1123 624 1172; x_wconf 78' lang='lat' dir='ltr'>arnicas,</span> <span class='ocrx_word' id='word_1_140' title='bbox 638 1123 683 1173; x_wconf 79' lang='lat' dir='ltr'>qnia</span> <span class='ocrx_word' id='word_1_141' title='bbox 698 1124 760 1163; x_wconf 90' lang='lat' dir='ltr'>omnia</span> 
     </span>
     <span class='ocr_line' id='line_1_16' title="bbox 93 1190 791 1243; baseline -0.001 -12"><span class='ocrx_word' id='word_1_142' title='bbox 93 1205 140 1243; x_wconf 75' lang='lat' dir='ltr'>oreae</span> <span class='ocrx_word' id='word_1_143' title='bbox 148 1192 217 1231; x_wconf 72' lang='lat' dir='ltr'>nardini</span> <span class='ocrx_word' id='word_1_144' title='bbox 225 1206 237 1230; x_wconf 87' lang='lat' dir='ltr'>n</span> <span class='ocrx_word' id='word_1_145' title='bbox 243 1197 300 1242; x_wconf 78' lang='lat' dir='ltr'>patre</span> <span class='ocrx_word' id='word_1_146' title='bbox 311 1204 352 1240; x_wconf 88' lang='lat' dir='ltr'>meo,</span> <span class='ocrx_word' id='word_1_147' title='bbox 363 1196 406 1229; x_wconf 87' lang='lat' dir='ltr'>nota</span> <span class='ocrx_word' id='word_1_148' title='bbox 418 1191 515 1242; x_wconf 78' lang='lat' dir='ltr'>noh&#39;rfeoi.</span> <span class='ocrx_word' id='word_1_149' title='bbox 544 1197 631 1243; x_wconf 81' lang='lat' dir='ltr'>aggregat</span> <span class='ocrx_word' id='word_1_150' title='bbox 644 1190 699 1230; x_wconf 86' lang='lat' dir='ltr'>etiarn</span> <span class='ocrx_word' id='word_1_151' title='bbox 711 1192 759 1230; x_wconf 83' lang='lat' dir='ltr'>hoc:</span> <span class='ocrx_word' id='word_1_152' title='bbox 770 1203 791 1242; x_wconf 86' lang='lat'>15</span> 
     </span>
     <span class='ocr_line' id='line_1_17' title="bbox 93 1256 761 1307; baseline -0.003 -11"><span class='ocrx_word' id='word_1_153' title='bbox 93 1258 123 1296; x_wconf 83' lang='lat' dir='ltr'>sen</span> <span class='ocrx_word' id='word_1_154' title='bbox 130 1258 173 1296; x_wconf 78' lang='lat' dir='ltr'>haee</span> <span class='ocrx_word' id='word_1_155' title='bbox 181 1258 242 1295; x_wconf 72' lang='lat' dir='ltr'>ararnio</span> <span class='ocrx_word' id='word_1_156' title='bbox 248 1257 320 1307; x_wconf 79' lang='lat' dir='ltr'>faciant</span> <span class='ocrx_word' id='word_1_157' title='bbox 328 1256 378 1294; x_wconf 80' lang='lat' dir='ltr'>orabis</span> <span class='ocrx_word' id='word_1_158' title='bbox 384 1260 462 1306; x_wconf 73' lang='lat' dir='ltr'>propter</span> <span class='ocrx_word' id='word_1_159' title='bbox 472 1269 536 1294; x_wconf 80' lang='lat' dir='ltr'>nomm</span> <span class='ocrx_word' id='word_1_160' title='bbox 547 1269 610 1304; x_wconf 89' lang='lat' dir='ltr'>meam,</span> <span class='ocrx_word' id='word_1_161' title='bbox 621 1256 665 1306; x_wconf 81' lang='lat' dir='ltr'>qnia</span> <span class='ocrx_word' id='word_1_162' title='bbox 675 1257 761 1306; x_wconf 75' lang='lat' dir='ltr'>ignaram</span> 
     </span>
     <span class='ocr_line' id='line_1_18' title="bbox 93 1324 531 1375; baseline -0.005 -12"><span class='ocrx_word' id='word_1_163' title='bbox 93 1338 133 1364; x_wconf 91' lang='lat' dir='ltr'>enm</span> <span class='ocrx_word' id='word_1_164' title='bbox 142 1325 176 1375; x_wconf 81' lang='lat' dir='ltr'>qni</span> <span class='ocrx_word' id='word_1_165' title='bbox 182 1338 209 1363; x_wconf 83' lang='lat' dir='ltr'>are</span> <span class='ocrx_word' id='word_1_166' title='bbox 218 1324 272 1363; x_wconf 69' lang='lat' dir='ltr'>misit</span> <span class='ocrx_word' id='word_1_167' title='bbox 530 1331 531 1334; x_wconf 76' lang='grc'>’</span> 
     </span>
    </p>

    <p class='ocr_par' dir='ltr' id='par_1_3' title="bbox 132 1387 760 1440">
     <span class='ocr_line' id='line_1_19' title="bbox 132 1387 760 1440; baseline -0.003 -11"><span class='ocrx_word' id='word_1_168' title='bbox 132 1391 187 1429; x_wconf 88' lang='lat' dir='ltr'>Haec</span> <span class='ocrx_word' id='word_1_169' title='bbox 200 1402 244 1440; x_wconf 87' lang='lat' dir='ltr'>ergo</span> <span class='ocrx_word' id='word_1_170' title='bbox 257 1401 361 1439; x_wconf 78' lang='lat' dir='ltr'>numquam</span> <span class='ocrx_word' id='word_1_171' title='bbox 374 1394 416 1439; x_wconf 90' lang='lat' dir='ltr'>post</span> <span class='ocrx_word' id='word_1_172' title='bbox 425 1388 457 1426; x_wconf 87' lang='lat' dir='ltr'>illa</span> <span class='ocrx_word' id='word_1_173' title='bbox 469 1387 566 1427; x_wconf 85' lang='lat' dir='ltr'>euidenter</span> <span class='ocrx_word' id='word_1_174' title='bbox 574 1387 627 1426; x_wconf 89' lang='lat' dir='ltr'>illum</span> <span class='ocrx_word' id='word_1_175' title='bbox 640 1401 678 1427; x_wconf 91' lang='lat' dir='ltr'>non</span> <span class='ocrx_word' id='word_1_176' title='bbox 688 1397 760 1440; x_wconf 85' lang='lat' dir='ltr'>patrem</span> 
     </span>
    </p>
   </div>
   <div class='ocr_carea' id='block_1_3' title="bbox 93 1452 796 1906">
    <p class='ocr_par' dir='ltr' id='par_1_4' title="bbox 93 1452 796 1906">
     <span class='ocr_line' id='line_1_20' title="bbox 93 1452 761 1506; baseline -0.004 -10"><span class='ocrx_word' id='word_1_177' title='bbox 93 1457 128 1496; x_wconf 89' lang='lat' dir='ltr'>sed</span> <span class='ocrx_word' id='word_1_178' title='bbox 141 1455 200 1495; x_wconf 88' lang='lat' dir='ltr'>filium</span> <span class='ocrx_word' id='word_1_179' title='bbox 218 1469 259 1494; x_wconf 89' lang='lat' dir='ltr'>esse</span> <span class='ocrx_word' id='word_1_180' title='bbox 277 1453 365 1494; x_wconf 88' lang='lat' dir='ltr'>testantia</span> <span class='ocrx_word' id='word_1_181' title='bbox 383 1454 472 1493; x_wconf 87' lang='lat' dir='ltr'>domiuus</span> <span class='ocrx_word' id='word_1_182' title='bbox 486 1452 605 1502; x_wconf 82' lang='lat' dir='ltr'>subdidisset,</span> <span class='ocrx_word' id='word_1_183' title='bbox 621 1453 636 1493; x_wconf 91' lang='lat' dir='ltr'>si</span> <span class='ocrx_word' id='word_1_184' title='bbox 646 1462 679 1494; x_wconf 90' lang='lat' dir='ltr'>aut</span> <span class='ocrx_word' id='word_1_185' title='bbox 689 1462 761 1506; x_wconf 87' lang='lat' dir='ltr'>patrem</span> 
     </span>
     <span class='ocr_line' id='line_1_21' title="bbox 94 1520 796 1573; baseline -0.006 -10"><span class='ocrx_word' id='word_1_186' title='bbox 94 1537 114 1563; x_wconf 90' lang='lat' dir='ltr'>se</span> <span class='ocrx_word' id='word_1_187' title='bbox 127 1536 168 1562; x_wconf 91' lang='lat' dir='ltr'>esse</span> <span class='ocrx_word' id='word_1_188' title='bbox 182 1521 303 1570; x_wconf 80' lang='lat' dir='ltr'>meminisset,</span> <span class='ocrx_word' id='word_1_189' title='bbox 316 1529 348 1560; x_wconf 89' lang='lat' dir='ltr'>aut</span> <span class='ocrx_word' id='word_1_190' title='bbox 361 1528 434 1572; x_wconf 88' lang='lat' dir='ltr'>patrem</span> <span class='ocrx_word' id='word_1_191' title='bbox 448 1533 467 1559; x_wconf 90' lang='lat' dir='ltr'>se</span> <span class='ocrx_word' id='word_1_192' title='bbox 481 1522 538 1560; x_wconf 86' lang='lat' dir='ltr'>uellet</span> <span class='ocrx_word' id='word_1_193' title='bbox 551 1520 639 1572; x_wconf 84' lang='lat' dir='ltr'>intellegi.</span> <span class='ocrx_word' id='word_1_194' title='bbox 667 1520 703 1561; x_wconf 88' lang='lat' dir='ltr'>nisi</span> <span class='ocrx_word' id='word_1_195' title='bbox 716 1535 762 1573; x_wconf 84' lang='lat' dir='ltr'>quo·</span> <span class='ocrx_word' id='word_1_196' title='bbox 771 1535 796 1559; x_wconf 80' lang='lat'>20</span> 
     </span>
     <span class='ocr_line' id='line_1_22' title="bbox 94 1585 762 1639; baseline 0.001 -12"><span class='ocrx_word' id='word_1_197' title='bbox 94 1588 145 1627; x_wconf 88' lang='lat' dir='ltr'>niam</span> <span class='ocrx_word' id='word_1_198' title='bbox 158 1595 178 1627; x_wconf 90' lang='lat' dir='ltr'>ut</span> <span class='ocrx_word' id='word_1_199' title='bbox 190 1588 237 1627; x_wconf 90' lang='lat' dir='ltr'>illud</span> <span class='ocrx_word' id='word_1_200' title='bbox 249 1587 365 1639; x_wconf 83' lang='lat' dir='ltr'>exprimeret,</span> <span class='ocrx_word' id='word_1_201' title='bbox 379 1585 458 1638; x_wconf 87' lang='lat' dir='ltr'>perinde</span> <span class='ocrx_word' id='word_1_202' title='bbox 472 1599 627 1637; x_wconf 84' lang='lat' dir='ltr'>unumquemque</span> <span class='ocrx_word' id='word_1_203' title='bbox 640 1586 678 1627; x_wconf 89' lang='lat' dir='ltr'>iam</span> <span class='ocrx_word' id='word_1_204' title='bbox 692 1589 762 1629; x_wconf 87' lang='lat' dir='ltr'>habere</span> 
     </span>
     <span class='ocr_line' id='line_1_23' title="bbox 95 1653 763 1707; baseline 0 -12"><span class='ocrx_word' id='word_1_205' title='bbox 95 1655 169 1703; x_wconf 82' lang='lat' dir='ltr'>debere,</span> <span class='ocrx_word' id='word_1_206' title='bbox 185 1657 230 1695; x_wconf 87' lang='lat' dir='ltr'>dum</span> <span class='ocrx_word' id='word_1_207' title='bbox 245 1654 347 1706; x_wconf 81' lang='lat' dir='ltr'>imaginem</span> <span class='ocrx_word' id='word_1_208' title='bbox 363 1654 394 1694; x_wconf 90' lang='lat' dir='ltr'>dei</span> <span class='ocrx_word' id='word_1_209' title='bbox 409 1653 466 1705; x_wconf 88' lang='lat' dir='ltr'>patris</span> <span class='ocrx_word' id='word_1_210' title='bbox 481 1667 515 1705; x_wconf 87' lang='lat' dir='ltr'>per</span> <span class='ocrx_word' id='word_1_211' title='bbox 529 1654 588 1693; x_wconf 86' lang='lat' dir='ltr'>filium</span> <span class='ocrx_word' id='word_1_212' title='bbox 604 1655 661 1704; x_wconf 85' lang='lat' dir='ltr'>uidet,</span> <span class='ocrx_word' id='word_1_213' title='bbox 676 1663 733 1707; x_wconf 90' lang='lat' dir='ltr'>atque</span> <span class='ocrx_word' id='word_1_214' title='bbox 746 1657 763 1695; x_wconf 88' lang='lat' dir='ltr'>si</span> 
     </span>
     <span class='ocr_line' id='line_1_24' title="bbox 94 1719 762 1772; baseline 0 -10"><span class='ocrx_word' id='word_1_215' title='bbox 94 1721 163 1762; x_wconf 91' lang='lat' dir='ltr'>uiderit</span> <span class='ocrx_word' id='word_1_216' title='bbox 171 1719 426 1772; x_wconf 87' lang='lat' dir='ltr'>patrem—quandoquidem</span> <span class='ocrx_word' id='word_1_217' title='bbox 436 1719 566 1771; x_wconf 87' lang='lat' dir='ltr'>unusquisque</span> <span class='ocrx_word' id='word_1_218' title='bbox 578 1721 657 1769; x_wconf 81' lang='lat' dir='ltr'>credens</span> <span class='ocrx_word' id='word_1_219' title='bbox 670 1721 690 1760; x_wconf 92' lang='lat' dir='ltr'>in</span> <span class='ocrx_word' id='word_1_220' title='bbox 702 1721 762 1762; x_wconf 89' lang='lat' dir='ltr'>filium</span> 
     </span>
     <span class='ocr_line' id='line_1_25' title="bbox 95 1785 763 1839; baseline 0 -10"><span class='ocrx_word' id='word_1_221' title='bbox 95 1794 202 1829; x_wconf 87' lang='lat' dir='ltr'>exerceatur</span> <span class='ocrx_word' id='word_1_222' title='bbox 210 1786 230 1826; x_wconf 90' lang='lat' dir='ltr'>in</span> <span class='ocrx_word' id='word_1_223' title='bbox 238 1785 324 1839; x_wconf 80' lang='lat' dir='ltr'>imaginis</span> <span class='ocrx_word' id='word_1_224' title='bbox 334 1785 499 1837; x_wconf 80' lang='lat' dir='ltr'>contemplatione,</span> <span class='ocrx_word' id='word_1_225' title='bbox 510 1793 530 1826; x_wconf 89' lang='lat' dir='ltr'>ut</span> <span class='ocrx_word' id='word_1_226' title='bbox 539 1788 655 1828; x_wconf 83' lang='lat' dir='ltr'>assuefactus</span> <span class='ocrx_word' id='word_1_227' title='bbox 661 1789 686 1829; x_wconf 88' lang='lat' dir='ltr'>ad</span> <span class='ocrx_word' id='word_1_228' title='bbox 696 1787 763 1830; x_wconf 90' lang='lat' dir='ltr'>diuini-</span> 
     </span>
     <span class='ocr_line' id='line_1_26' title="bbox 95 1852 794 1906; baseline 0.003 -13"><span class='ocrx_word' id='word_1_229' title='bbox 95 1861 153 1893; x_wconf 87' lang='lat' dir='ltr'>tatem</span> <span class='ocrx_word' id='word_1_230' title='bbox 167 1853 269 1893; x_wconf 86' lang='lat' dir='ltr'>uidendam</span> <span class='ocrx_word' id='word_1_231' title='bbox 280 1852 362 1904; x_wconf 81' lang='lat' dir='ltr'>imagine</span> <span class='ocrx_word' id='word_1_232' title='bbox 371 1853 461 1904; x_wconf 84' lang='lat' dir='ltr'>proficere</span> <span class='ocrx_word' id='word_1_233' title='bbox 471 1853 530 1904; x_wconf 89' lang='lat' dir='ltr'>possit</span> <span class='ocrx_word' id='word_1_234' title='bbox 544 1860 562 1892; x_wconf 91' lang='lat' dir='ltr'>et</span> <span class='ocrx_word' id='word_1_235' title='bbox 572 1866 655 1893; x_wconf 87' lang='lat' dir='ltr'>crescere</span> <span class='ocrx_word' id='word_1_236' title='bbox 666 1859 726 1906; x_wconf 89' lang='lat' dir='ltr'>usque</span> <span class='ocrx_word' id='word_1_237' title='bbox 737 1857 762 1896; x_wconf 88' lang='lat' dir='ltr'>ad</span> <span class='ocrx_word' id='word_1_238' title='bbox 772 1863 794 1903; x_wconf 86' lang='lat'>25</span> 
     </span>
    </p>
   </div>
   <div class='ocr_carea' id='block_1_4' title="bbox 96 1954 543 2043">
    <p class='ocr_par' dir='ltr' id='par_1_5' title="bbox 96 1954 543 2043">
     <span class='ocr_line' id='line_1_27' title="bbox 128 1954 543 1988; baseline -0.005 0"><span class='ocrx_word' id='word_1_239' title='bbox 128 1966 145 1988; x_wconf 88' lang='lat'>11</span> <span class='ocrx_word' id='word_1_240' title='bbox 156 1956 203 1988; x_wconf 81' lang='lat' dir='ltr'>toonba</span> <span class='ocrx_word' id='word_1_241' title='bbox 210 1959 273 1987; x_wconf 80' lang='lat' dir='ltr'>manete</span> <span class='ocrx_word' id='word_1_242' title='bbox 280 1955 297 1986; x_wconf 92' lang='lat' dir='ltr'>in</span> <span class='ocrx_word' id='word_1_243' title='bbox 304 1954 394 1987; x_wconf 85' lang='lat' dir='ltr'>mea...eius</span> <span class='ocrx_word' id='word_1_244' title='bbox 401 1955 466 1987; x_wconf 86' lang='lat' dir='ltr'>caritate</span> <span class='ocrx_word' id='word_1_245' title='bbox 474 1956 496 1987; x_wconf 85' lang='lat' dir='ltr'>Pa</span> <span class='ocrx_word' id='word_1_246' title='bbox 503 1965 523 1987; x_wconf 87' lang='lat' dir='ltr'>en</span> <span class='ocrx_word' id='word_1_247' title='bbox 529 1966 543 1987; x_wconf 86' lang='lat' dir='ltr'>a.</span> 
     </span>
     <span class='ocr_line' id='line_1_28' title="bbox 96 2011 244 2043; baseline -0.007 0"><span class='ocrx_word' id='word_1_248' title='bbox 96 2021 166 2043; x_wconf 87' lang='lat' dir='ltr'>crescere</span> <span class='ocrx_word' id='word_1_249' title='bbox 173 2011 196 2043; x_wconf 84' lang='lat' dir='ltr'>Pa</span> <span class='ocrx_word' id='word_1_250' title='bbox 203 2020 222 2043; x_wconf 85' lang='lat' dir='ltr'>on</span> <span class='ocrx_word' id='word_1_251' title='bbox 229 2021 244 2042; x_wconf 82' lang='lat' dir='ltr'>a.</span> 
     </span>
    </p>
   </div>
   <div class='ocr_carea' id='block_1_5' title="bbox 609 1955 762 1999">
    <p class='ocr_par' dir='ltr' id='par_1_6' title="bbox 609 1955 762 1999">
     <span class='ocr_line' id='line_1_29' title="bbox 609 1955 762 1999; baseline 0.013 -11"><span class='ocrx_word' id='word_1_252' title='bbox 609 1963 628 1996; x_wconf 78' lang='lat'>25</span> <span class='ocrx_word' id='word_1_253' title='bbox 639 1955 715 1997; x_wconf 87' lang='lat' dir='ltr'>proficere</span> <span class='ocrx_word' id='word_1_254' title='bbox 722 1967 737 1999; x_wconf 84' lang='lat' dir='ltr'>p.</span> <span class='ocrx_word' id='word_1_255' title='bbox 747 1962 762 1990; x_wconf 86' lang='lat' dir='ltr'>et</span> 
     </span>
    </p>
   </div>
   <div class='ocr_carea' id='block_1_6' title="bbox 117 2108 763 2153">
    <p class='ocr_par' dir='ltr' id='par_1_7' title="bbox 117 2108 763 2153">
     <span class='ocr_line' id='line_1_30' title="bbox 117 2108 763 2153; baseline 0.003 -13"><span class='ocrx_word' id='word_1_256' title='bbox 117 2108 130 2141; x_wconf 88' lang='lat'>6.</span> <span class='ocrx_word' id='word_1_257' title='bbox 150 2108 174 2139; x_wconf 87' lang='lat' dir='ltr'>ib.</span> <span class='ocrx_word' id='word_1_258' title='bbox 181 2108 206 2140; x_wconf 77' lang='lat'>28.</span> <span class='ocrx_word' id='word_1_259' title='bbox 468 2117 492 2140; x_wconf 85' lang='lat' dir='ltr'>no.</span> <span class='ocrx_word' id='word_1_260' title='bbox 513 2108 547 2139; x_wconf 82' lang='lat' dir='ltr'>nist</span> <span class='ocrx_word' id='word_1_261' title='bbox 553 2108 668 2151; x_wconf 67' lang='lat' dir='ltr'>ananiense]</span> <span class='ocrx_word' id='word_1_262' title='bbox 681 2108 721 2142; x_wconf 89' lang='lat' dir='ltr'>‘His</span> <span class='ocrx_word' id='word_1_263' title='bbox 726 2109 763 2153; x_wconf 92' lang='lat' dir='ltr'>only</span> 
     </span>
    </p>
   </div>
   <div class='ocr_carea' id='block_1_7' title="bbox 96 2149 415 2635">
    <p class='ocr_par' dir='ltr' id='par_1_8' title="bbox 96 2149 414 2371">
     <span class='ocr_line' id='line_1_31' title="bbox 117 2149 413 2195; baseline -0.01 -11"><span class='ocrx_word' id='word_1_264' title='bbox 117 2154 131 2184; x_wconf 88' lang='lat'>8.</span> <span class='ocrx_word' id='word_1_265' title='bbox 154 2153 178 2195; x_wconf 83' lang='lat' dir='ltr'>Jo.</span> <span class='ocrx_word' id='word_1_266' title='bbox 186 2162 207 2183; x_wconf 89' lang='lat' dir='ltr'>xv</span> <span class='ocrx_word' id='word_1_267' title='bbox 216 2161 229 2190; x_wconf 90' lang='lat' dir='ltr'>r,</span> <span class='ocrx_word' id='word_1_268' title='bbox 241 2162 255 2190; x_wconf 83' lang='lat' dir='ltr'>a,</span> <span class='ocrx_word' id='word_1_269' title='bbox 266 2151 318 2182; x_wconf 86' lang='lat' dir='ltr'>where</span> <span class='ocrx_word' id='word_1_270' title='bbox 329 2149 377 2192; x_wconf 87' lang='lat' dir='ltr'>Vulg.</span> <span class='ocrx_word' id='word_1_271' title='bbox 385 2149 413 2181; x_wconf 86' lang='lat' dir='ltr'>has</span> 
     </span>
     <span class='ocr_line' id='line_1_32' title="bbox 97 2194 413 2238; baseline -0.009 -9"><span class='ocrx_word' id='word_1_272' title='bbox 97 2200 169 2229; x_wconf 85' lang='lat' dir='ltr'>‘ornnem</span> <span class='ocrx_word' id='word_1_273' title='bbox 185 2194 324 2238; x_wconf 85' lang='lat' dir='ltr'>pnhnitem...non</span> <span class='ocrx_word' id='word_1_274' title='bbox 338 2194 413 2227; x_wconf 81' lang='lat' dir='ltr'>ferentem</span> 
     </span>
     <span class='ocr_line' id='line_1_33' title="bbox 96 2237 414 2280; baseline -0.009 -8"><span class='ocrx_word' id='word_1_275' title='bbox 96 2241 169 2279; x_wconf 85' lang='lat' dir='ltr'>fructum,</span> <span class='ocrx_word' id='word_1_276' title='bbox 178 2239 223 2272; x_wconf 85' lang='lat' dir='ltr'>tollet</span> <span class='ocrx_word' id='word_1_277' title='bbox 232 2249 277 2278; x_wconf 88' lang='lat' dir='ltr'>eurn;</span> <span class='ocrx_word' id='word_1_278' title='bbox 288 2244 303 2271; x_wconf 86' lang='lat' dir='ltr'>et</span> <span class='ocrx_word' id='word_1_279' title='bbox 313 2248 377 2270; x_wconf 78' lang='lat' dir='ltr'>onlnem</span> <span class='ocrx_word' id='word_1_280' title='bbox 387 2237 414 2280; x_wconf 87' lang='lat' dir='ltr'>qui</span> 
     </span>
     <span class='ocr_line' id='line_1_34' title="bbox 97 2281 413 2325; baseline -0.009 -8"><span class='ocrx_word' id='word_1_281' title='bbox 97 2285 126 2317; x_wconf 86' lang='lat' dir='ltr'>fert</span> <span class='ocrx_word' id='word_1_282' title='bbox 134 2285 207 2320; x_wconf 75' lang='lat' dir='ltr'>fructum,</span> <span class='ocrx_word' id='word_1_283' title='bbox 215 2283 288 2325; x_wconf 80' lang='lat' dir='ltr'>purgabit</span> <span class='ocrx_word' id='word_1_284' title='bbox 298 2293 339 2321; x_wconf 83' lang='lat' dir='ltr'>euru,</span> <span class='ocrx_word' id='word_1_285' title='bbox 349 2287 366 2315; x_wconf 91' lang='lat' dir='ltr'>ut</span> <span class='ocrx_word' id='word_1_286' title='bbox 374 2281 413 2315; x_wconf 78' lang='lat' dir='ltr'>fruc-</span> 
     </span>
     <span class='ocr_line' id='line_1_35' title="bbox 97 2326 246 2371; baseline -0.013 -10"><span class='ocrx_word' id='word_1_287' title='bbox 97 2334 130 2361; x_wconf 85' lang='lat' dir='ltr'>tum</span> <span class='ocrx_word' id='word_1_288' title='bbox 138 2328 173 2371; x_wconf 89' lang='lat' dir='ltr'>plus</span> <span class='ocrx_word' id='word_1_289' title='bbox 181 2326 246 2359; x_wconf 63' lang='lat' dir='ltr'>afferat!</span> 
     </span>
    </p>

    <p class='ocr_par' dir='ltr' id='par_1_9' title="bbox 98 2370 414 2458">
     <span class='ocr_line' id='line_1_36' title="bbox 120 2370 414 2415; baseline -0.007 -11"><span class='ocrx_word' id='word_1_290' title='bbox 120 2383 142 2405; x_wconf 92' lang='lat'>11.</span> <span class='ocrx_word' id='word_1_291' title='bbox 160 2372 190 2415; x_wconf 51' lang='lat' dir='ltr'>¹Jn.</span> <span class='ocrx_word' id='word_1_292' title='bbox 198 2383 219 2404; x_wconf 86' lang='lat' dir='ltr'>xv</span> <span class='ocrx_word' id='word_1_293' title='bbox 226 2380 241 2414; x_wconf 86' lang='lat'>9,</span> <span class='ocrx_word' id='word_1_294' title='bbox 252 2381 270 2404; x_wconf 89' lang='lat' dir='ltr'>ro</span> <span class='ocrx_word' id='word_1_295' title='bbox 277 2370 324 2413; x_wconf 85' lang='lat' dir='ltr'>Vulg.</span> <span class='ocrx_word' id='word_1_296' title='bbox 334 2370 359 2403; x_wconf 84' lang='lat' dir='ltr'>‘in</span> <span class='ocrx_word' id='word_1_297' title='bbox 366 2370 414 2403; x_wconf 90' lang='lat' dir='ltr'>dilec-</span> 
     </span>
     <span class='ocr_line' id='line_1_37' title="bbox 98 2414 301 2458; baseline -0.015 -8"><span class='ocrx_word' id='word_1_298' title='bbox 98 2418 141 2450; x_wconf 85' lang='lat' dir='ltr'>tione</span> <span class='ocrx_word' id='word_1_299' title='bbox 149 2414 301 2458; x_wconf 70' lang='lat' dir='ltr'>mea...praecepta.&#39;</span> 
     </span>
    </p>

    <p class='ocr_par' dir='ltr' id='par_1_10' title="bbox 97 2460 415 2591">
     <span class='ocr_line' id='line_1_38' title="bbox 119 2460 415 2501; baseline -0.01 -8"><span class='ocrx_word' id='word_1_300' title='bbox 119 2472 143 2499; x_wconf 88' lang='lat'>11,</span> <span class='ocrx_word' id='word_1_301' title='bbox 153 2469 210 2501; x_wconf 77' lang='lat'>14,15.</span> <span class='ocrx_word' id='word_1_302' title='bbox 226 2460 415 2498; x_wconf 68' lang='lat' dir='ltr'>adicit...tngen&#39;t...ag·</span> 
     </span>
     <span class='ocr_line' id='line_1_39' title="bbox 97 2502 415 2544; baseline -0.009 -8"><span class='ocrx_word' id='word_1_303' title='bbox 97 2505 165 2544; x_wconf 74' lang='lat' dir='ltr'>gregat]</span> <span class='ocrx_word' id='word_1_304' title='bbox 177 2504 211 2535; x_wconf 90' lang='lat' dir='ltr'>The</span> <span class='ocrx_word' id='word_1_305' title='bbox 219 2503 294 2535; x_wconf 89' lang='lat' dir='ltr'>evidence</span> <span class='ocrx_word' id='word_1_306' title='bbox 300 2503 312 2534; x_wconf 91' lang='lat' dir='ltr'>is</span> <span class='ocrx_word' id='word_1_307' title='bbox 320 2502 415 2535; x_wconf 80' lang='lat' dir='ltr'>cumulative</span> 
     </span>
     <span class='ocr_line' id='line_1_40' title="bbox 99 2548 226 2591; baseline -0.031 -9"><span class='ocrx_word' id='word_1_308' title='bbox 99 2559 117 2582; x_wconf 90' lang='lat' dir='ltr'>or</span> <span class='ocrx_word' id='word_1_309' title='bbox 124 2548 226 2591; x_wconf 82' lang='lat' dir='ltr'>progressive.</span> 
     </span>
    </p>

    <p class='ocr_par' dir='ltr' id='par_1_11' title="bbox 121 2591 323 2635">
     <span class='ocr_line' id='line_1_41' title="bbox 121 2591 323 2635; baseline -0.015 -10"><span class='ocrx_word' id='word_1_310' title='bbox 121 2591 177 2633; x_wconf 71' lang='lat'>14,16.</span> <span class='ocrx_word' id='word_1_311' title='bbox 199 2592 225 2635; x_wconf 82' lang='lat' dir='ltr'>Jo.</span> <span class='ocrx_word' id='word_1_312' title='bbox 235 2602 256 2624; x_wconf 86' lang='lat' dir='ltr'>xv</span> <span class='ocrx_word' id='word_1_313' title='bbox 266 2600 288 2633; x_wconf 81' lang='lat'>15,</span> <span class='ocrx_word' id='word_1_314' title='bbox 298 2601 323 2623; x_wconf 85' lang='lat' dir='ltr'>ar.</span> 
     </span>
    </p>
   </div>
   <div class='ocr_carea' id='block_1_8' title="bbox 446 2152 765 2636">
    <p class='ocr_par' dir='ltr' id='par_1_12' title="bbox 446 2152 765 2361">
     <span class='ocr_line' id='line_1_42' title="bbox 446 2152 764 2196; baseline 0.013 -14"><span class='ocrx_word' id='word_1_315' title='bbox 446 2161 514 2193; x_wconf 84' lang='lat' dir='ltr'>purpose</span> <span class='ocrx_word' id='word_1_316' title='bbox 525 2162 557 2183; x_wconf 86' lang='lat' dir='ltr'>was</span> <span class='ocrx_word' id='word_1_317' title='bbox 568 2156 584 2184; x_wconf 89' lang='lat' dir='ltr'>to</span> <span class='ocrx_word' id='word_1_318' title='bbox 597 2162 660 2194; x_wconf 81' lang='lat' dir='ltr'>express</span> <span class='ocrx_word' id='word_1_319' title='bbox 672 2152 706 2185; x_wconf 81' lang='lat' dir='ltr'>that</span> <span class='ocrx_word' id='word_1_320' title='bbox 716 2164 764 2196; x_wconf 86' lang='lat' dir='ltr'>every</span> 
     </span>
     <span class='ocr_line' id='line_1_43' title="bbox 446 2194 763 2230; baseline 0.009 -3"><span class='ocrx_word' id='word_1_321' title='bbox 446 2206 483 2227; x_wconf 86' lang='lat' dir='ltr'>man</span> <span class='ocrx_word' id='word_1_322' title='bbox 495 2194 552 2228; x_wconf 88' lang='lat' dir='ltr'>should</span> <span class='ocrx_word' id='word_1_323' title='bbox 566 2195 658 2229; x_wconf 85' lang='lat' dir='ltr'>henceforth</span> <span class='ocrx_word' id='word_1_324' title='bbox 672 2202 737 2230; x_wconf 83' lang='lat' dir='ltr'>account</span> <span class='ocrx_word' id='word_1_325' title='bbox 750 2198 763 2230; x_wconf 92' lang='lat' dir='ltr'>it</span> 
     </span>
     <span class='ocr_line' id='line_1_44' title="bbox 446 2238 765 2284; baseline 0.013 -14"><span class='ocrx_word' id='word_1_326' title='bbox 446 2239 473 2271; x_wconf 84' lang='lat' dir='ltr'>the</span> <span class='ocrx_word' id='word_1_327' title='bbox 481 2249 525 2271; x_wconf 84' lang='lat' dir='ltr'>same</span> <span class='ocrx_word' id='word_1_328' title='bbox 536 2238 581 2281; x_wconf 78' lang='lat' dir='ltr'>thing</span> <span class='ocrx_word' id='word_1_329' title='bbox 592 2244 608 2271; x_wconf 83' lang='lat' dir='ltr'>to</span> <span class='ocrx_word' id='word_1_330' title='bbox 618 2250 645 2272; x_wconf 89' lang='lat' dir='ltr'>see</span> <span class='ocrx_word' id='word_1_331' title='bbox 654 2241 681 2272; x_wconf 82' lang='lat' dir='ltr'>the</span> <span class='ocrx_word' id='word_1_332' title='bbox 688 2240 740 2284; x_wconf 83' lang='lat' dir='ltr'>image</span> <span class='ocrx_word' id='word_1_333' title='bbox 747 2242 765 2274; x_wconf 84' lang='lat' dir='ltr'>of</span> 
     </span>
     <span class='ocr_line' id='line_1_45' title="bbox 447 2282 762 2326; baseline 0.01 -11"><span class='ocrx_word' id='word_1_334' title='bbox 447 2283 483 2316; x_wconf 87' lang='lat' dir='ltr'>God</span> <span class='ocrx_word' id='word_1_335' title='bbox 496 2282 522 2315; x_wconf 84' lang='lat' dir='ltr'>the</span> <span class='ocrx_word' id='word_1_336' title='bbox 536 2283 595 2316; x_wconf 84' lang='lat' dir='ltr'>Father</span> <span class='ocrx_word' id='word_1_337' title='bbox 605 2284 673 2326; x_wconf 83' lang='lat' dir='ltr'>through</span> <span class='ocrx_word' id='word_1_338' title='bbox 686 2284 712 2318; x_wconf 84' lang='lat' dir='ltr'>the</span> <span class='ocrx_word' id='word_1_339' title='bbox 724 2285 762 2324; x_wconf 84' lang='lat' dir='ltr'>Son,</span> 
     </span>
     <span class='ocr_line' id='line_1_46' title="bbox 446 2326 706 2361; baseline 0.012 -3"><span class='ocrx_word' id='word_1_340' title='bbox 446 2337 464 2358; x_wconf 84' lang='lat' dir='ltr'>as</span> <span class='ocrx_word' id='word_1_341' title='bbox 474 2332 491 2359; x_wconf 91' lang='lat' dir='ltr'>to</span> <span class='ocrx_word' id='word_1_342' title='bbox 501 2326 542 2359; x_wconf 86' lang='lat' dir='ltr'>have</span> <span class='ocrx_word' id='word_1_343' title='bbox 552 2338 589 2360; x_wconf 89' lang='lat' dir='ltr'>seen</span> <span class='ocrx_word' id='word_1_344' title='bbox 600 2327 626 2360; x_wconf 85' lang='lat' dir='ltr'>the</span> <span class='ocrx_word' id='word_1_345' title='bbox 636 2327 706 2361; x_wconf 83' lang='lat' dir='ltr'>Father.’</span> 
     </span>
    </p>

    <p class='ocr_par' dir='ltr' id='par_1_13' title="bbox 448 2371 765 2636">
     <span class='ocr_line' id='line_1_47' title="bbox 468 2371 763 2417; baseline 0.003 -13"><span class='ocrx_word' id='word_1_346' title='bbox 468 2380 492 2412; x_wconf 79' lang='lat'>25.</span> <span class='ocrx_word' id='word_1_347' title='bbox 513 2371 593 2412; x_wconf 69' lang='lat' dir='ltr'>imagine]</span> <span class='ocrx_word' id='word_1_348' title='bbox 611 2372 708 2415; x_wconf 85' lang='lat' dir='ltr'>adverhially</span> <span class='ocrx_word' id='word_1_349' title='bbox 725 2373 763 2417; x_wconf 83' lang='lat' dir='ltr'>‘hy’</span> 
     </span>
     <span class='ocr_line' id='line_1_48' title="bbox 448 2415 764 2458; baseline 0.009 -10"><span class='ocrx_word' id='word_1_350' title='bbox 448 2425 465 2448; x_wconf 91' lang='lat' dir='ltr'>or</span> <span class='ocrx_word' id='word_1_351' title='bbox 476 2415 501 2447; x_wconf 78' lang='lat' dir='ltr'>‘in</span> <span class='ocrx_word' id='word_1_352' title='bbox 513 2415 539 2448; x_wconf 90' lang='lat' dir='ltr'>the</span> <span class='ocrx_word' id='word_1_353' title='bbox 549 2416 613 2458; x_wconf 61' lang='lat' dir='ltr'>image)</span> <span class='ocrx_word' id='word_1_354' title='bbox 641 2416 676 2449; x_wconf 89' lang='lat' dir='ltr'>The</span> <span class='ocrx_word' id='word_1_355' title='bbox 686 2416 764 2451; x_wconf 88' lang='lat' dir='ltr'>influence</span> 
     </span>
     <span class='ocr_line' id='line_1_49' title="bbox 448 2459 764 2502; baseline 0.013 -11"><span class='ocrx_word' id='word_1_356' title='bbox 448 2459 466 2492; x_wconf 87' lang='lat' dir='ltr'>of</span> <span class='ocrx_word' id='word_1_357' title='bbox 476 2460 548 2492; x_wconf 80' lang='lat' dir='ltr'>Platonic</span> <span class='ocrx_word' id='word_1_358' title='bbox 560 2461 633 2502; x_wconf 87' lang='lat' dir='ltr'>teaching</span> <span class='ocrx_word' id='word_1_359' title='bbox 644 2461 657 2493; x_wconf 84' lang='lat' dir='ltr'>is</span> <span class='ocrx_word' id='word_1_360' title='bbox 668 2463 764 2495; x_wconf 81' lang='lat' dir='ltr'>unmistake·</span> 
     </span>
     <span class='ocr_line' id='line_1_50' title="bbox 448 2502 764 2548; baseline 0.009 -14"><span class='ocrx_word' id='word_1_361' title='bbox 448 2502 484 2535; x_wconf 86' lang='lat' dir='ltr'>able</span> <span class='ocrx_word' id='word_1_362' title='bbox 493 2503 510 2534; x_wconf 90' lang='lat' dir='ltr'>in</span> <span class='ocrx_word' id='word_1_363' title='bbox 520 2503 558 2535; x_wconf 84' lang='lat' dir='ltr'>such</span> <span class='ocrx_word' id='word_1_364' title='bbox 569 2515 652 2547; x_wconf 83' lang='lat' dir='ltr'>passages:</span> <span class='ocrx_word' id='word_1_365' title='bbox 664 2516 695 2547; x_wconf 80' lang='lat' dir='ltr'>eg.</span> <span class='ocrx_word' id='word_1_366' title='bbox 705 2507 764 2548; x_wconf 78' lang='lat' dir='ltr'>Ropnb.</span> 
     </span>
     <span class='ocr_line' id='line_1_51' title="bbox 449 2546 764 2589; baseline 0.006 -9"><span class='ocrx_word' id='word_1_367' title='bbox 449 2547 496 2589; x_wconf 83' lang='lat' dir='ltr'><strong>516A</strong></span> <span class='ocrx_word' id='word_1_368' title='bbox 505 2547 581 2587; x_wconf 78' lang='grc' dir='ltr'>ξυνηθείας</span> <span class='ocrx_word' id='word_1_369' title='bbox 591 2547 609 2588; x_wconf 78' lang='grc' dir='ltr'>δὴ</span> <span class='ocrx_word' id='word_1_370' title='bbox 619 2546 665 2580; x_wconf 74' lang='grc' dir='ltr'>δέοιτ’</span> <span class='ocrx_word' id='word_1_371' title='bbox 674 2548 697 2587; x_wconf 75' lang='lat' dir='ltr'>riv,</span> <span class='ocrx_word' id='word_1_372' title='bbox 706 2551 718 2581; x_wconf 83' lang='grc' dir='ltr'>εἰ</span> <span class='ocrx_word' id='word_1_373' title='bbox 729 2550 764 2588; x_wconf 80' lang='grc' dir='ltr'>μέλ-</span> 
     </span>
     <span class='ocr_line' id='line_1_52' title="bbox 448 2591 765 2636; baseline 0.013 -13"><span class='ocrx_word' id='word_1_374' title='bbox 448 2594 473 2624; x_wconf 82' lang='grc' dir='ltr'>λοι</span> <span class='ocrx_word' id='word_1_375' title='bbox 487 2593 508 2623; x_wconf 76' lang='grc' dir='ltr'>τὰ</span> <span class='ocrx_word' id='word_1_376' title='bbox 522 2594 552 2623; x_wconf 75' lang='grc' dir='ltr'>ἄνω</span> <span class='ocrx_word' id='word_1_377' title='bbox 568 2591 639 2635; x_wconf 70' lang='grc' dir='ltr'>ὄψεσθαι,</span> <span class='ocrx_word' id='word_1_378' title='bbox 652 2594 679 2626; x_wconf 88' lang='lat' dir='ltr'>the</span> <span class='ocrx_word' id='word_1_379' title='bbox 695 2595 765 2636; x_wconf 86' lang='lat' dir='ltr'>prisoner</span> 
     </span>
    </p>
   </div>
   <div class='ocr_carea' id='block_1_9' title="bbox 0 0 890 2903">
    <p class='ocr_par' dir='ltr' id='par_1_14' title="bbox 0 0 890 2903">
     <span class='ocr_line' id='line_1_53' title="bbox 0 0 890 2903; baseline 0 0"><span class='ocrx_word' id='word_1_380' title='bbox 0 0 890 2903; x_wconf 95' lang='lat' dir='ltr'> </span> 
     </span>
    </p>
   </div>
  </div>
 </body>
</html>
