1746 2903
136 162 164 204 92
401 164 541 199 aroannam
751 167 806 209 [xxv

137 261 250 313 frequenter,
260 261 318 301 deum
330 262 364 302 sed
376 268 395 302 et
407 260 505 302 hominem
517 262 608 315 scriptura
622 263 728 313 constituat,
742 279 807 307 conse-

138 341 199 380 quens
208 335 241 377 est,
252 330 304 379 quod
313 328 419 368 immortale
429 336 462 378 est,
472 328 601 382 incorruptum
613 330 704 371 mansisse
714 337 805 372 teneatur.
826 350 828 352 >

139 395 180 448 quis
203 395 254 436 enirn
274 409 313 435 non
332 395 433 447 intellegat,
452 397 505 448 quod
526 395 646 448 impassibilis
666 397 690 438 sit
711 397 805 446 diuinitas,

138 462 231 516 passibilis
241 476 286 503 uero
296 461 319 502 sit
328 463 412 502 humana
421 462 523 515 fragilitas?
541 477 585 502 cum
595 477 639 516 ergo
648 472 687 503 tam
694 478 717 504 ex
723 478 747 503 eo
754 464 805 516 quod

119 529 186 579 5deus
196 536 229 578 est,
239 542 296 581 quam
308 528 365 570 etiam
377 543 400 570 ex
412 529 444 570 illo
457 531 509 582 qnod
521 530 580 570 homo
592 538 625 579 est,
639 531 725 573 Christus
737 530 808 571 intelle

139 603 193 649 gatar
199 609 240 635 esse
247 596 350 647 permixtus
359 604 378 635 et
385 609 426 636 esse
433 596 623 645 sociatus—aeriam
631 596 681 636 enim
688 598 807 646 tarofaciam

139 667 169 711 est,
183 665 201 699 ei
212 661 306 701 habitauit
318 661 337 701 ia
351 661 470 714 nobis-quis
486 676 526 703 non
542 662 582 703 sine
595 665 634 702 ullo
647 662 736 715 magistro
750 669 807 714 atque

139 727 240 779 interprete
253 742 276 768 ex
289 742 330 769 sese
343 729 398 769 facile
411 736 518 782 cognoscat,
532 743 571 770 non
583 729 630 771 illud
640 729 660 770 in
672 729 747 771 Christo
760 743 808 770 mor·
837 759 841 762 -

139 803 194 836 tuum
204 808 245 837 esse
255 798 307 847 quod
319 798 366 836 deus
379 804 412 845 est,
423 798 457 836 sed
465 795 512 837 illud
521 795 541 836 in
550 796 582 837 illo
594 804 689 837 mortuum
702 810 742 837 esse
755 797 808 848 quod

108 875 131 901 10
140 862 199 901 honio
213 864 254 902 est?
288 862 334 912 quid
349 862 399 901 enim
413 862 429 902 si
442 862 531 902 diuinitas
545 862 565 901 in
580 862 656 903 Christo
671 877 710 902 non
723 861 806 910 moritur,

140 928 175 967 sed
188 927 249 967 camis
262 928 320 968 solius
334 928 439 974 substantia
449 928 576 981 exstinguitur,
590 931 667 980 quando
680 936 699 970 et
709 930 729 969 in
741 929 808 970 ceteris

140 992 255 1042 hominihus,
265 993 298 1045 qui
308 1007 346 1033 non
356 1001 400 1034 sunt
409 1008 452 1035 earo
461 996 600 1045 tantummodo,
613 996 646 1036 sed
659 1008 702 1035 caro
712 1003 730 1036 et
739 994 807 1044 anima,

140 1073 184 1101 caro
198 1060 275 1112 quidem
290 1062 330 1100 sola
341 1061 437 1101 incursum
448 1061 534 1101 interitus
546 1061 649 1114 mortisque
659 1062 745 1113 patiatur,
758 1069 808 1102 extra

140 1129 191 1179 leges
206 1134 270 1166 autem
285 1126 371 1167 interitus
389 1135 408 1167 et
426 1128 491 1168 mortis
509 1127 572 1168 anima
585 1128 694 1180 incorrupta
709 1129 809 1168 cernatur?

109 1196 178 1242 15th
191 1193 242 1234 enim
257 1202 276 1234 et
288 1194 329 1247 ipse
342 1194 437 1245 dominus,
450 1197 527 1236 hortans
543 1209 578 1235 nos
592 1196 617 1235 ad
630 1194 738 1247 martyrium
752 1202 771 1236 et
784 1195 808 1235 ad

140 1265 271 1310 contemptum
286 1259 348 1299 omnis
363 1260 458 1299 humanae
471 1258 575 1311 potestatis,
589 1258 662 1298 aiebat:
676 1272 697 1297 ne
711 1259 809 1298 timueritis

140 1337 168 1363 eos
185 1325 218 1373 qai
234 1326 396 1380 carpetaniam,
412 1326 495 1363 animam
512 1330 572 1363 mitem
586 1325 660 1363 occidere
676 1336 712 1362 aaa
724 1328 807 1374 pastinat.

141 1391 194 1442 quod
208 1390 224 1431 si
237 1390 300 1430 anima
314 1390 425 1431 immortalis
439 1391 501 1432 occidi
516 1399 549 1431 aut
563 1391 644 1431 interfici
656 1404 696 1431 non
711 1398 774 1443 potest
789 1391 809 1430 in

141 1457 209 1510 quouis
225 1458 267 1507 alio,
284 1457 327 1498 licet
341 1471 409 1510 corpus
418 1465 442 1497 vet
455 1470 498 1498 caro
512 1459 553 1498 sola
565 1457 625 1510 possit
638 1457 723 1507 interfici,
737 1464 809 1509 quanto

109 1534 132 1561 20
141 1523 200 1576 magis
210 1524 275 1575 utique
284 1523 364 1563 uerbum
374 1523 405 1564 dei
414 1525 460 1564 deus
473 1524 493 1563 in
506 1524 581 1565 Christo
591 1523 671 1563 interfici
679 1522 758 1563 omnino
770 1537 809 1563 non

141 1589 207 1642 potnit,
223 1602 267 1628 cum
280 1601 324 1628 caro
338 1590 378 1628 sola
392 1596 410 1629 et
424 1602 492 1639 corpus
506 1589 590 1628 occisum
604 1589 641 1628 sit?
665 1588 681 1628 si
694 1589 746 1628 enirn
759 1589 809 1628 hane

136 1656 199 1695 habet
212 1652 356 1705 generositatem
370 1652 515 1693 immortalitatis
529 1652 592 1692 anima
607 1653 627 1692 iu
643 1653 711 1705 quouis
724 1653 809 1701 homine,

174 1742 180 1764 1
194 1739 290 1772 consequens
298 1729 328 1768 est]
336 1729 368 1761 edd.
378 1730 429 1772 Angli
436 1729 498 1761 addant
504 1735 526 1761 uf,
584 1740 600 1761 11
613 1730 676 1772 quando
684 1734 700 1762 et
709 1729 726 1762 in
733 1730 808 1763 ceteris...
847 1728 848 1731 ’

142 1798 161 1820 ex
169 1799 179 1820 a
186 1789 236 1829 simpl.
246 1787 273 1819 Pa.
751 1788 753 1790 '

165 1865 178 1886 1.
202 1854 227 1885 ‘lt
238 1854 299 1887 follows
310 1854 344 1887 that
355 1853 397 1885 what
408 1853 420 1885 is
430 1853 459 1885 im·

142 1898 199 1931 mortal
213 1903 254 1931 must
268 1899 289 1931 be
302 1898 341 1930 held
356 1902 372 1929 ῖο
383 1897 424 1930 have
436 1909 459 1929 re-

142 1943 205 1975 mained
214 1941 331 1985 uneorrupted’
353 1942 380 1974 On
390 1942 417 1974 the
428 1942 460 1974 fact

142 1987 176 2019 that
184 1986 220 2018 God
228 1986 241 2018 is
249 1992 276 2018 not
284 1986 322 2028 only
330 1985 421 2028 impassible
431 1985 459 2018 but

144 2030 286 2073 ‘incompassihle’
294 2031 321 2063 ire.
330 2034 387 2062 cannot
395 2030 416 2062 be
422 2029 460 2062 held

142 2080 158 2108 to
172 2075 213 2107 haue
225 2074 292 2106 suffered
307 2073 345 2106 with
357 2073 384 2105 the
398 2073 431 2106 Son
443 2073 460 2105 in

143 2119 174 2153 His
187 2119 253 2152 Human
264 2123 324 2158 nature,
336 2129 360 2161 cp.
373 2117 461 2150 Tertullian

142 2164 180 2196 ada.
195 2164 244 2196 Praa.
261 2164 285 2196 ch.
300 2163 342 2202 xxiii,
355 2162 392 2195 who
405 2172 460 2204 argues

142 2208 176 2241 that
188 2207 202 2239 if
211 2207 237 2240 the
250 2208 288 2240 mud
298 2207 312 2239 is
323 2207 379 2239 stlrred
391 2218 412 2250 up
423 2207 440 2238 in
451 2217 460 2238 a

142 2252 185 2285 clear·
192 2257 255 2290 stream,
263 2253 289 2284 the
297 2251 417 2284 fountain-head
422 2252 460 2283 does

143 2302 171 2329 not
176 2296 230 2328 suffer:
239 2296 290 2328 ‘fluuii
294 2296 351 2327 iniuria
355 2307 388 2327 non
393 2296 461 2337 per-tinet

143 2341 164 2372 ad
171 2339 242 2372 fontem'
258 2340 274 2372 It
279 2345 321 2372 must
326 2339 346 2371 be
351 2338 460 2371 rememhered

143 2384 178 2417 that
189 2384 272 2417 aformula
283 2384 301 2416 of
309 2383 335 2416 the
347 2383 461 2426 Patripassians

143 2439 176 2462 tuas
182 2431 234 2470 ‘pater
239 2438 330 2470 compassus
336 2433 359 2460 est
365 2427 404 2460 fih0¹
410 2438 413 2459 :
422 2427 458 2466 rhts,

144 2473 176 2506 and
187 2478 215 2505 not
225 2472 251 2505 the
261 2472 320 2505 Divine
327 2472 411 2514 sympathy
422 2472 460 2504 with

144 2527 186 2552 men,
197 2516 211 2548 is
221 2516 255 2548 that
266 2516 318 2548 which
329 2515 417 2548 Tertullian
429 2515 460 2547 and

144 2559 225 2593 Novatian
236 2560 276 2592 wish
286 2564 302 2592 to
314 2564 408 2592 controvert.

165 2616 181 2644 4.
189 2604 316 2643 aunonensem]
332 2604 363 2635 For
368 2603 399 2635 this
404 2603 460 2646 phrase

493 1852 583 1896 expressiug
589 1851 650 1894 ‘deity'
656 1863 680 1895 cp.
685 1864 701 1885 n.
708 1864 728 1885 on
733 1863 749 1895 p.
755 1864 778 1893 14.
784 1862 807 1894 13·

515 1896 538 1929 16.
562 1897 750 1937 heumannum&

514 1951 538 1973 aa.
560 1943 691 1979 generositatem
711 1943 780 1973 immort
797 1943 810 1972 ῖ-

492 1986 541 2025 tatis]
562 1985 585 2018 lit.
610 1985 667 2017 ‘noble
691 1984 762 2026 quality‚'
783 1984 809 2017 ie.

494 2028 587 2070 ‘hirthright
605 2029 622 2060 of
638 2028 751 2070 irnmortality.l
780 2028 810 2071 Cp.

492 2083 508 2115 p,
515 2072 549 2105 281.
556 2083 562 2104 1
569 2071 721 2115 ‘praecipuusatque
726 2082 810 2115 generosus

493 2121 531 2159 prae
538 2118 611 2149 omnibus
618 2117 644 2148 del
652 2117 703 2154 filius,¹
711 2117 743 2149 and
750 2118 767 2149 da
777 2116 809 2148 Cib.

493 2161 530 2194 [aad.
541 2162 558 2194 iii
567 2162 636 2194 ‘bonum
646 2172 692 2194 suurn
699 2172 731 2194 non
738 2161 754 2193 in
761 2160 810 2193 animi

493 2206 597 2249 generositate
602 2206 629 2238 sed
634 2205 650 2237 in
658 2207 691 2238 sola
697 2216 743 2238 earne
751 2215 810 2248 ponen-

494 2249 537 2283 tem'
559 2250 595 2282 The
602 2255 684 2293 argument
691 2249 704 2282 is
712 2253 728 2283 ‘a
736 2249 810 2282 for-norit

493 2295 507 2327 if
512 2296 539 2326 the
545 2295 593 2326 death
600 2295 618 2326 of
624 2305 643 2325 an
650 2295 723 2336 ordinary
728 2304 765 2325 man
772 2294 811 2326 does

493 2343 522 2371 not
527 2338 591 2381 destroy
596 2337 623 2370 the
628 2337 687 2370 fruman
693 2339 733 2375 soul,
739 2338 767 2370 but
773 2336 811 2378 only

495 2383 521 2415 the
528 2382 576 2423 body,
585 2381 632 2414 much
641 2382 672 2415 less
682 2382 710 2414 did
720 2382 746 2414 the
757 2381 811 2414 Death

495 2426 512 2459 of
522 2426 579 2465 Christ,
589 2426 605 2458 in
612 2426 665 2459 whom
675 2438 684 2458 a
694 2426 753 2458 Divine
760 2427 792 2458 and
802 2437 812 2458 a

495 2472 561 2503 Human
571 2475 627 2503 nature
637 2482 663 2502 are
675 2470 735 2510 united,
748 2471 811 2512 destroy

494 2515 522 2546 the
534 2515 584 2546 Word
595 2514 613 2546 of
624 2515 660 2546 God
671 2514 687 2546 in
699 2515 745 2546 Him.
767 2514 811 2546 Thus

496 2558 540 2591 ‘God
548 2558 565 2590 in
572 2557 612 2589 Him
619 2558 658 2591 does
667 2563 695 2591 not
705 2558 741 2591 die’
761 2568 776 2589 a.
784 2559 811 2590 In·

495 2602 594 2643 trod.§5ii.
