1746 2903
139 134 164 185 78
331 184 332 187 Ἴ
402 139 542 179 notemur

758 147 806 188 [unt

138 251 157 285 et
165 242 186 283 in
194 241 227 283 illo
236 242 309 283 habitat
318 241 338 282 in
347 241 407 292 nobis,
418 249 439 283 ut
448 256 510 295 neque
521 244 580 284 homo
593 243 669 285 Christo
680 243 805 295 subtrahatur,

138 324 201 361 neque
215 310 304 350 diuinitas
318 316 401 360 negetur.
429 323 473 349 nam
489 311 505 350 si
520 313 654 351 tantummodo
670 318 714 351 ante
728 324 806 352 omnem

139 385 243 417 creaturam
256 383 289 425 est,
300 376 358 415 homo
369 374 388 415 in
399 375 432 416 illo
443 375 549 416 subtractus
562 383 595 416 est.
623 376 638 417 si
650 385 713 417 autem
726 384 806 418 tantum·

139 444 198 483 modo
213 443 272 481 homo
288 449 321 491 est,
337 441 426 483 diuinitas
442 456 491 495 qnae
506 449 550 483 ante
566 444 643 483 omnem
659 451 763 499 creaturam
778 452 806 485 est

120 522 129 563 5
139 511 243 562 intercepta
255 517 287 549 est.
315 517 416 563 utrumque
427 524 471 563 ergo
483 509 503 550 in
517 509 593 550 Christo
604 512 759 551 confoederatum
772 519 805 561 est,

140 586 159 618 et
176 585 276 627 utrumque
292 576 415 616 coniunctum
432 584 465 625 est,
482 585 501 616 et
516 584 617 627 utrumque
631 591 725 617 conexum
740 586 773 626 est,
788 585 807 618 et

139 643 211 691 merito,
222 644 268 682 dum
280 642 337 682 estin
348 642 380 682 illo
391 642 462 693 aliquid
474 644 526 693 quod
536 649 612 694 superat
622 651 731 692 creaturam,
744 643 807 695 pigne-

138 707 211 750 retain
224 706 257 747 illo
271 706 374 747 diuinitatis
388 716 406 748 ct
420 706 541 747 humanitatis
555 706 630 747 uidetur
643 721 684 748 esse
698 707 805 748 concordia.

138 782 215 827 propter
229 788 286 826 quam
300 788 381 822 causam,
396 773 429 826 qui
442 773 531 813 mediator
543 773 573 812 (lei
588 779 606 812 et
622 774 715 813 leontinum
729 775 807 814 effeetus

108 853 131 879 10
139 840 253 895 exprimitur,
263 840 283 881 in
292 855 312 882 se
322 842 380 881 deum
389 848 408 881 et
417 839 515 881 hominem
524 840 606 882 sociasse
615 840 710 894 reperitur.

178 910 207 948 Ac
222 908 237 948 si
249 907 301 949 idem
313 910 410 960 apostolus
422 909 446 948 de
461 908 537 948 Christo
552 910 612 957 refert,
626 916 647 949 ut
658 914 724 948 exutus
736 924 807 950 earnem

137 980 233 1027 potestates
242 976 370 1024 dehonestaret,
376 977 443 1026 polam
456 976 576 1025 triumphetis
584 976 622 1014 illis
631 976 651 1014 in
660 977 757 1026 serrzetioso,
767 991 807 1016 non

139 1041 205 1092 utique
214 1040 274 1080 otiose
284 1048 361 1080 exutum
370 1054 426 1080 carne
435 1040 538 1091 proposuit,
549 1039 585 1080 nisi
594 1040 684 1091 quoniam
694 1049 713 1081 et
722 1041 742 1081 in
749 1056 808 1082 resur-

138 1106 222 1148 rectione
236 1119 309 1145 rursum
324 1105 412 1145 indutum
427 1105 487 1145 uoluit
501 1105 589 1155 intellegi.
617 1106 659 1157 quis
673 1113 701 1145 est
715 1120 759 1158 ergo
772 1107 807 1147 iste

107 1185 129 1226 15
139 1179 205 1212 exutus
219 1178 238 1210 et
250 1183 312 1209 rursus
326 1170 417 1210 indutus?
431 1169 526 1222 requirant
538 1169 631 1209 haeretici.
660 1184 695 1209 nos
707 1171 758 1210 enim
771 1185 807 1211 ser-

140 1252 217 1279 monem
231 1236 263 1277 dei
277 1236 347 1277 seimus
361 1235 450 1277 indutum
464 1236 525 1276 earnis
540 1236 670 1287 substantiam,
685 1238 807 1289 eundemque

139 1319 213 1346 rursum
225 1310 301 1344 exutum
315 1305 382 1344 eadem
395 1303 478 1355 corporis
488 1304 570 1352 materia,
581 1317 639 1355 quam
648 1318 710 1344 rursus
720 1303 740 1344 in
749 1318 807 1345 resur-

139 1372 223 1414 rectione
237 1372 319 1422 suscepit
331 1378 349 1410 et
363 1370 417 1421 quasi
430 1370 564 1410 indumentum
575 1372 680 1422 resumpsit.
708 1372 742 1412 sed
755 1371 806 1411 enim

140 1452 202 1490 neque
211 1445 277 1478 exutus
287 1450 349 1488 neque
358 1437 436 1477 indutus
446 1436 543 1476 hominem
551 1436 637 1477 Christus
646 1437 716 1485 fuisset,
723 1437 739 1476 si
748 1439 806 1476 homo

170 1564 180 1595 8
190 1560 283 1594 humilitatis
290 1573 302 1602 γ
310 1561 343 1593 Po:
353 1571 392 1594 cerr.
403 1561 428 1594 Fr.
437 1561 474 1603 Jun.

140 1629 178 1651 cerr.
187 1619 211 1661 Ja.

565 1571 583 1603 13
595 1565 610 1593 et
617 1561 747 1594 resurrectionem
755 1572 766 1602 γ
773 1562 796 1593 Pa
803 1573 806 1594 :

162 1728 175 1760 5.
198 1720 300 1759 intercepta]
324 1717 455 1750 ‘invalidated¹:
489 1717 514 1761 Bp
529 1718 584 1750 Moule
599 1718 661 1758 (Cama
677 1719 701 1751 Ge
718 1718 763 1760 Tesl.)
780 1719 807 1751 de·

141 1765 160 1797 cl.
177 1775 192 1806 p.
204 1763 246 1796 60.8
260 1765 299 1796 ‘nec
314 1763 351 1795 noui
367 1762 457 1795 testamenti
489 1762 535 1794 sends
551 1763 592 1795 A.V.
613 1763 682 1804 ‘having
697 1761 766 1804 spoiled'
783 1763 807 1795 for

140 1807 228 1850 intercepta
235 1807 254 1838 sit
265 1805 344 1850 potestas)
352 1806 391 1838 utith
398 1810 441 1838 note.
490 1806 562 1839 Himself
577 1806 709 1849 ‘principalities’
730 1808 776 1839 ltlore
793 1807 807 1839 is

162 1863 176 1896 9.
202 1851 302 1893 1Tim.ii5.
489 1854 506 1882 to
520 1851 541 1883 be
555 1851 589 1882 said
605 1851 628 1884 for
647 1852 673 1883 the
690 1851 773 1894 rendering
791 1852 808 1884 oi

164 1907 188 1929 rr.
211 1896 246 1929 Col.
257 1895 268 1927 ii
277 1906 295 1936 15
303 1895 351 1936 Vulg.
361 1895 458 1937 ‘exspolians

141 1940 239 1984 principatus
256 1944 272 1972 et
288 1944 373 1983 potestates
390 1938 458 1971 traduxit

141 1985 243 2022 confidenter,
252 1986 305 2027 palam
315 1982 413 2026 triumphans
422 1983 458 2015 illos

141 2030 157 2062 in
163 2028 259 2071 semetipso'
266 2028 315 2060 Vetus
322 2028 363 2059 uara
368 2028 396 2059 has
400 2038 459 2059 exueres

141 2084 161 2112 se,
168 2083 225 2104 amore
230 2078 290 2104 correct
296 2071 380 2112 rendering
387 2071 405 2102 oi
411 2072 457 2102 ἀπεκ-

142 2117 229 2157 δυσάμενος.
248 2115 339 2158 According
345 2120 362 2147 to
369 2114 456 2158 Lightloot,

141 2162 168 2194 the
182 2162 230 2193 Latin
244 2161 310 2193 Fathers
321 2160 401 2202 generally
411 2160 458 2191 inter-

141 2206 197 2249 preted
203 2205 214 2238 it
222 2216 239 2237 as
245 2206 317 2247 ‘putting
322 2204 345 2236 off
350 2204 384 2245 [the
392 2202 448 2246 hody]’
455 2215 458 2236 :

142 2250 183 2288 thus,
192 2250 224 2281 lihe
232 2249 318 2286 Novatian,
327 2248 379 2280 Hilar.
386 2249 404 2279 ele
412 2249 458 2279 Tria.

142 2293 147 2325 i
157 2304 174 2335 13
182 2293 211 2325 has
219 2297 281 2325 ‘exutus
288 2291 367 2325 camem':
379 2303 404 2334 cp.
414 2291 456 2324 R.V.

141 2337 208 2381 margin.
230 2337 265 2369 The
282 2336 366 2379 rendering
384 2336 402 2369 of
416 2335 458 2368 RV.

143 2384 210 2424 ‘having
224 2388 253 2424 put
267 2382 290 2414 off
302 2382 342 2414 from
355 2382 420 2414 himself
432 2382 459 2412 the

142 2426 255 2469 principalities
270 2426 301 2458 and
316 2426 342 2458 the
357 2436 423 2467 powers,
439 2425 459 2457 he

142 2471 203 2503 medea
208 2470 252 2502 show
257 2470 275 2501 of
280 2470 322 2502 them
329 2469 395 2512 openly'
401 2469 459 2509 (which

142 2520 229 2557 represents
243 2514 270 2547 the
282 2515 323 2547 view
336 2514 354 2546 of
366 2513 393 2546 the
406 2513 459 2546 Greek

143 2556 215 2600 Fathers)
230 2564 300 2600 presents
315 2558 363 2590 much
376 2558 457 2599 difficulty.

489 1896 517 1926 the
530 1895 585 1927 Latins
597 1895 635 1927 than
650 1895 732 1937 Lightfoot
746 1896 806 1935 allows,

490 1938 537 1971 when
553 1938 574 1971 he
588 1939 646 1981 speahs
663 1940 681 1971 of
699 1940 726 1972 ‘an
741 1940 807 1972 isolated

490 1983 573 2026 metaphor
580 1983 633 2016 which
642 1984 655 2016 is
663 1987 691 2016 not
699 1985 782 2026 explained
790 1995 808 2017 or

490 2028 573 2069 suggested
586 2028 607 2069 by
618 2028 695 2070 anything
705 2028 721 2059 in
732 2029 759 2060 the
770 2039 807 2060 con-

490 2071 538 2102 text':
556 2069 578 2111 τῷ
595 2070 661 2113 σταυρῷ,
677 2073 704 2103 the
721 2072 808 2114 preceding

490 2115 548 2155 wmds,
555 2114 606 2173 might
611 2119 672 2158 suggest
680 2114 764 2159 ‘stripping
769 2115 808 2149 lora

490 2164 555 2191 contest.

514 2214 536 2236 η.
559 2204 578 2235 in
585 2204 681 2244 semetipso]
689 2204 716 2236 but
722 2204 749 2237 the
755 2204 808 2238 Greek

491 2247 520 2279 has
525 2249 541 2278 ἐν
547 2246 593 2286 αὐτῷ,
600 2248 623 2279 ‘in
628 2249 651 2286 it,'
657 2249 689 2279 and
695 2258 713 2279 so
720 2249 747 2280 the
755 2249 807 2280 Greeh

491 2291 563 2328 Fathers,
574 2291 637 2333 rightly.

512 2335 532 2367 it.
559 2343 592 2367 uon
605 2337 665 2375 utique
682 2336 742 2377 otiose]
760 2336 807 2369 ‘ina

491 2381 551 2422 merely
565 2382 663 2422 purposeless
680 2382 733 2423 etiay¹z
754 2382 808 2423 zelique

492 2425 624 2466 afternnegative
633 2425 705 2467 ‘simply’
713 2435 731 2457 or
739 2426 763 2457 ‘at
770 2425 808 2465 all';

492 2479 509 2501 as
519 2469 560 2511 inp.
570 2470 593 2500 18.
601 2479 610 2510 5
622 2472 662 2501 ‘nou
670 2469 725 2511 utique
735 2481 754 2502 ex
762 2480 808 2512 coag-

492 2513 549 2545 mentis
561 2513 680 2555 corporalibus,'
688 2524 703 2556 p.
712 2515 737 2554 48.
747 2525 754 2547 1
767 2517 807 2546 ‘non

491 2557 545 2600 utique
552 2557 601 2589 homo
608 2563 669 2590 tantum
676 2557 711 2590 est’
