1746 2903
148 172 186 215 106
408 184 548 218 wornrrnrw
749 185 814 226 [xxix

146 281 220 324 statutis
233 289 341 332 temporum
355 280 527 332 opportunitatibus
540 280 641 320 redditum.
675 288 704 321 est
717 281 768 331 eninr
781 294 816 332 per

147 349 220 391 Ioelem
235 348 348 399 prophetam
363 347 493 402 repromissus,
510 350 544 388 sed
561 361 595 399 per
611 347 708 389 Christum
724 350 814 389 redditus.

147 419 166 457 ln
181 415 291 463 nouissimis,
310 413 376 465 inquit,
393 415 454 455 diebus
471 414 563 467 oflendunt
581 418 602 455 de
619 416 687 466 spirata
705 431 741 455 meo
761 422 817 466 apter

147 496 209 523 seruos
227 488 245 521 et
261 482 338 520 ancillas
357 495 411 521 aneas.
439 482 528 524 dominus
547 490 621 524 autern:
640 485 711 534 ucct'pite
729 485 816 535 spirltum

128 561 137 599 5
147 555 242 596 salictum
255 561 332 599 quoram
342 549 448 589 remiseritis
456 556 536 601 peccata,
548 556 603 590 rrum
610 552 700 599 relatum
714 556 815 602 etquenam

148 614 264 665 reltlruert'lz's,
282 617 336 651 eruat
357 618 431 652 retentu.
468 615 519 653 hunc
541 621 605 654 autern
623 613 708 665 spiritum
729 622 815 655 sancturn

148 679 237 721 dorninus
253 679 339 720 Christus
354 681 413 720 ruodo
425 681 540 732 paraclitum
555 682 642 734 appellat,
657 683 715 722 niodo
729 683 816 733 spt'rtnun

148 748 232 787 raritatis
241 760 282 787 esse
291 746 405 798 pronuntiat.
434 747 466 798 qui
478 761 518 787 non
530 755 558 788 est
567 747 587 787 in
596 748 695 799 euangelio
704 761 771 797 nouus,
782 749 816 787 sed

149 826 185 855 nec
193 826 244 854 noue
254 814 314 853 datus.
337 825 382 852 nam
391 812 422 852 hic
431 813 472 864 ipse
481 820 499 853 et
509 813 528 853 in
535 815 631 865 prophetis
641 816 733 866 populum
742 826 817 853 accusa-

117 901 140 926 10
149 880 182 930 uit,
199 879 252 921 etin
270 880 360 932 apostolis
377 880 523 921 aduocationem
538 880 626 933 gentibus
642 877 738 932 praestitit.
772 894 816 921 nam

149 949 176 988 illi
185 954 206 987 ut
215 954 347 987 accusarentur
359 947 485 996 merebantur,
495 943 539 998 quia
548 954 701 999 contempserant
711 949 784 999 legem:
799 953 818 986 et

150 1012 183 1067 qui
201 1027 223 1053 ex
240 1013 328 1065 gentibus
346 1014 431 1063 credunt,
450 1020 471 1053 ut
489 1013 594 1065 patrocinio
612 1012 686 1065 spiritus
704 1013 818 1054 adiuuentur

150 1087 250 1127 merentur,
272 1079 316 1129 quia
336 1080 361 1117 ad
383 1078 512 1130 euangelicam
532 1078 630 1130 peruenire
648 1079 730 1129 gestiunt
750 1081 817 1130 legem.

150 1145 256 1187 differentia
270 1159 315 1185 sane
328 1143 349 1183 in
360 1143 392 1185 illo
404 1158 473 1196 genera
485 1144 595 1192 officiorum,
610 1145 701 1197 quonian]
712 1144 732 1184 in
746 1152 819 1197 tempo·

118 1227 139 1266 15
150 1214 201 1254 ribus
210 1212 298 1253 differens
307 1211 354 1252 ratio
361 1226 472 1252 causarum:
487 1226 523 1251 uec
529 1226 552 1252 ex
559 1213 596 1252 hoc
602 1219 667 1252 tamen
676 1212 717 1264 ipse
726 1212 818 1262 diuersus,

151 1275 184 1330 qui
196 1277 243 1316 haec
256 1274 283 1315 sic
295 1274 346 1327 gerit,
361 1289 397 1316 nec
409 1277 455 1316 alter
468 1282 500 1324 cst,
512 1277 558 1316 dum
569 1275 648 1328 sicagit,
659 1277 750 1316 sedunus
761 1283 819 1327 atque

150 1344 191 1396 ipse
200 1351 234 1391 est,
244 1342 451 1398 diuidensofficiasua
462 1356 496 1394 per
508 1350 593 1394 tempora
604 1351 623 1383 et
634 1357 696 1383 rerurn
709 1343 819 1383 occasiones

151 1418 209 1462 atque
221 1417 322 1450 momenta.
350 1408 433 1460 denique
446 1411 542 1461 apostolus
557 1411 637 1450 Paulus:
651 1411 737 1457 labentes,
751 1409 818 1461 inquit,

151 1478 226 1518 eundem
247 1478 339 1528 spiritam,
362 1476 409 1516 sicat
427 1477 513 1527 saprum
533 1481 571 1516 est:
590 1477 662 1526 credidi,
676 1481 755 1528 praeter
772 1477 822 1528 quad

120 1545 221 1584 coloratus
236 1555 281 1590 sum,
303 1546 320 1580 et
336 1554 368 1579 nos
385 1541 478 1589 credimus,
494 1541 532 1580 ideo
547 1542 644 1591 loquamur.
672 1554 721 1581 uuus
739 1554 783 1592 ergo
801 1548 820 1580 et

151 1609 203 1650 idern
217 1607 297 1660 spiritus,
308 1606 341 1659 qui
354 1606 373 1646 in
387 1606 484 1659 prophetis
496 1614 515 1647 et
526 1607 616 1659 apostolis
623 1622 629 1658 3
642 1607 678 1647 nisi
690 1606 780 1659 quoniam
793 1606 820 1646 ibi

152 1678 177 1717 ad
192 1681 316 1724 momentum,
330 1673 362 1714 hic
376 1688 455 1726 semper.
483 1682 567 1715 ceterum
580 1674 612 1724 ibi,
626 1689 665 1715 non
679 1682 700 1714 ut
713 1688 787 1726 semper
800 1674 820 1713 in

195 1787 204 1815 4
216 1774 312 1817 seruossort.
321 1774 408 1807 addendum
416 1784 464 1807 rncos.
517 1785 534 1816 15
546 1773 616 1807 diuersus
624 1786 644 1807 ar
655 1774 730 1808 diuiditur
738 1785 749 1815 γ
756 1775 776 1808 al.

176 1878 188 1899 r.
211 1865 302 1905 redditum]
317 1865 362 1907 ‘duly
374 1865 470 1898 bestowed':
504 1867 820 1908 23=17‚482181deCilMiwlfiwt

152 1911 179 1944 the
186 1910 231 1942 word
240 1909 314 1952 properly
322 1909 388 1942 deuotes
397 1909 424 1942 the
434 1920 471 1952 pay·
503 1910 537 1942 also
544 1909 571 1942 the
579 1911 642 1943 treatise
649 1912 686 1943 ada.
694 1910 771 1954 Iudaeos).
789 1911 820 1944 But

153 1959 196 1988 ment
207 1953 225 1986 of
234 1964 244 1986 a
254 1953 292 1985 debt
304 1964 321 1986 or
332 1953 368 1985 due*
503 1954 528 1987 his
535 1955 594 1997 special
599 1966 667 1998 purpose
672 1955 709 1988 here
715 1967 747 1988 ruas
752 1960 769 1988 to
774 1955 821 1999 bring

175 2010 189 2041 3.
211 1998 247 2041 Juel
255 1997 266 2029 ii
274 2009 298 2040 ao.
504 2003 537 2038 out,
547 2009 565 2031 as
573 2000 635 2041 against
642 2000 668 2032 the
679 1999 786 2038 Marcionites,
794 2000 822 2033 the

175 2057 188 2084 4⁴
209 2043 235 2083 Jo.
250 2054 271 2073 xx
284 2053 308 2081 nr,
323 2051 342 2081 ²3
355 2041 402 2083 Vulg.
420 2041 471 2072 remia
504 2042 821 2086 unityandconsistencyostheSpirit’s

153 2085 324 2119 tant1a›ets...lamra
334 2090 378 2116 suat.
504 2085 557 2118 action
574 2086 624 2118 under
641 2086 668 2118 the
684 2091 716 2118 two
730 2092 820 2120 covenanrs.

176 2139 190 2172 7.
211 2131 236 2172 Jo.
244 2129 270 2161 xiv
280 2129 303 2166 16,
313 2138 337 2171 17.
505 2129 560 2161 Under
569 2130 597 2161 the
607 2130 639 2169 old,
650 2131 677 2162 He
687 2130 720 2162 had
729 2131 822 2164 threatened

175 2176 189 2206 8.
212 2176 241 2204 sed
250 2181 280 2204 uec
288 2182 331 2205 noue
341 2173 399 2213 datus]
412 2173 448 2204 ‘nor
459 2173 472 2204 is
505 2178 521 2204 to
528 2173 591 2205 sorsalie
596 2174 623 2206 the
630 2174 682 2215 Jews:
693 2174 743 2207 under
748 2175 775 2207 the
780 2185 821 2213 new,

154 2219 198 2252 there
212 2216 289 2259 anything
305 2222 340 2250 new
355 2227 394 2249 even
411 2216 428 2248 in
445 2216 473 2249 the
505 2217 605 2250 Hefulfilled
613 2218 640 2251 the
647 2217 703 2251 tlrreat.

154 2262 225 2296 modeof
231 2262 262 2294 His
269 2260 356 2294 bestowal’
372 2261 472 2295 The‘difiet·
527 2273 550 2304 14.
572 2263 590 2295 iu
597 2262 634 2303 illo]
644 2262 669 2295 ‘in
676 2262 727 2295 Himl
744 2264 822 2304 Quoniam

155 2306 208 2341 ences'
214 2306 304 2339 mentioued
312 2306 364 2339 below
369 2317 395 2339 are
401 2316 411 2337 a
416 2310 474 2338 matter
506 2306 523 2338 in
531 2307 622 2348 temporibus
629 2311 658 2339 etc.
668 2308 720 2340 ‘since
725 2308 764 2340 with
770 2308 821 2340 differ·

155 2353 174 2385 ol
178 2351 235 2393 degree
243 2350 274 2382 and
281 2356 309 2383 not
317 2350 335 2383 of
340 2350 384 2383 kind.
505 2360 543 2383 enee
551 2350 620 2384 oscines
627 2352 708 2384 occasions
716 2352 772 2385 diller.y
787 2352 823 2385 The

176 2406 190 2440 9.
218 2397 298 2434 populum
312 2394 406 2436 accusauit]
433 2394 473 2428 This
505 2394 823 2441 languageappearstobesuggestedby

156 2451 206 2474 seems
220 2451 230 2472 a
242 2438 320 2482 curiously
332 2438 393 2472 linrited
405 2438 446 2472 view
457 2438 475 2472 of
506 2449 513 2471 1
523 2439 559 2473 Cor.
568 2439 590 2472 nit
597 2452 612 2482 4.

156 2483 472 2526 thcworkoftheSpirit'rntheprophets;
528 2485 551 2516 18.
573 2486 700 2525 habentesceffl
716 2485 823 2527 aCor.ivr3.

156 2528 188 2561 and
195 2527 252 2559 indeed
260 2527 281 2558 N.
290 2527 345 2559 dwells
356 2527 441 2559 elsewhere
452 2537 473 2559 on
527 2537 551 2559 ar.
572 2528 603 2567 ibi]
614 2538 635 2560 sc.
645 2529 670 2560 ‘in
679 2529 780 2570 Prophetis':
791 2529 821 2569 la'c,

156 2573 184 2606 the
195 2570 281 2613 perversity
292 2571 310 2603 of
320 2570 346 2603 the
356 2570 404 2612 Jews,
416 2571 473 2603 almost
508 2570 533 2603 ‘in
540 2570 633 2613 Apostolis.'

157 2622 174 2650 to
184 2626 237 2648 excess
247 2616 278 2658 (cp.
286 2615 304 2647 de
313 2615 329 2647 Τ
327 2615 359 2647 rin.
369 2626 394 2658 pp.
404 2624 428 2655 71.
437 2616 472 2656 5-8‚
