1746 2903
11 177 13 179 ’
73 190 111 230 xv]

268 191 303 222 DE
318 191 405 222 TRINIT
402 191 417 221 Α
421 191 437 221 Τ
435 192 452 222 Ε
466 191 539 222 LIBER
717 187 741 231 53

75 287 130 325 iterio
141 287 195 336 sotto
213 292 260 335 stitit,
279 292 297 326 ot
313 300 348 326 noa
362 292 423 338 potest
438 287 487 326 soloi
502 286 604 336 scripturo·
622 300 673 337 qaooi
686 293 744 338 potor

42 396 45 398 ,
74 353 196 404 soacttficooit
202 359 219 394 ot
227 354 278 394 misit
286 354 306 393 ia
313 354 455 393 dammandum
463 368 495 394 uos
501 354 566 401 dicitis,
574 355 618 405 qiiio
624 355 742 406 blospitooias

75 421 119 472 poio
128 422 181 462 dixi:
187 421 243 473 filius
252 422 282 461 dei
289 434 329 461 sam
339 422 380 471 ego?
401 419 470 473 quibus
479 419 558 462 vocibus
567 434 629 473 neque
639 435 659 462 se
668 421 743 475 negauit

76 485 138 535 deum,
153 485 199 539 quin
217 485 276 526 immo
294 486 352 525 deum
368 498 388 525 se
404 497 445 525 esse
463 484 549 525 firmauit.
583 498 627 525 nam
643 486 688 539 quia
703 487 743 526 sine

75 551 194 590 dubitatione
208 552 235 591 dii
251 564 292 591 esse
308 551 401 598 dicuntur,
415 553 440 589 ad
454 564 502 602 quos
515 552 574 590 uerba
587 552 618 590 dei
631 554 680 592 facta
693 560 742 602 sunt,
753 566 763 605 5

76 618 136 657 multo
152 616 211 670 magis
229 615 260 657 hic
278 615 330 665 dens,
349 614 382 668 qui
399 615 465 657 melior
482 615 518 657 illis
536 616 625 658 omnihus
642 617 742 659 inuenitur.

75 689 94 721 et
103 682 226 722 nihilominus
236 681 372 722 calumniosam
379 681 518 734 blasphemiam
527 682 651 734 dispositione
660 684 743 737 legitima

76 755 201 800 congruenter
209 747 305 789 refutauit:
317 749 374 788 deum
382 748 433 788 enim
443 763 463 789 se
472 749 499 790 sic
508 748 591 801 intellegi
599 751 645 799 uult,
654 758 674 791 ut
683 751 743 791 filium

77 814 108 856 dei
124 823 142 856 et
155 829 195 856 non
210 815 273 868 ipsum
288 822 361 867 patrem
377 816 434 856 uellet
449 814 536 868 intellegi.
570 817 645 856 missam
659 816 710 858 enim
724 831 744 857 se

76 896 117 921 esse
131 882 182 929 dixit,
198 889 216 921 et
230 884 289 920 maim
305 887 359 931 ojioro
373 895 391 919 se
406 895 428 919 ox
438 887 495 933 potio
510 884 605 921 ostendisse
620 884 743 933 monstrauit,
754 903 777 928 10

76 959 99 985 ex
113 958 151 997 quo
163 959 203 985 non
215 952 287 997 patrem
300 958 320 984 se
334 946 367 984 sed
380 944 439 984 filium
453 959 494 985 esse
506 944 590 998 intellegi
602 945 674 997 uoluit,
692 953 710 986 et
723 945 743 986 in

77 1013 143 1053 ultima
160 1020 213 1065 parte
235 1012 351 1053 defensionis
369 1012 407 1061 filii,
427 1025 466 1052 non
483 1011 545 1064 patris,
565 1012 609 1052 fecit
626 1013 743 1053 mentionem

77 1079 171 1120 dicendo:
187 1093 219 1119 iios
233 1080 297 1129 dicitis,
316 1078 360 1129 quio
380 1079 497 1129 dissilientes,
516 1078 561 1128 qnia
576 1078 629 1118 ‘dito
641 1079 697 1129 filias
716 1079 746 1118 dei

321 1198 331 1231 9
341 1199 358 1222 se
365 1188 413 1221 uellet
421 1189 460 1221 corti.
470 1189 497 1221 Pa.

98 1293 112 1328 7.
139 1285 248 1325 dispositione
262 1283 345 1325 legitima]
361 1284 394 1327 ‘hy

75 1331 102 1363 the
108 1330 140 1372 just
147 1330 221 1373 ordering
228 1328 351 1370 [ofrelations]’:
360 1329 394 1361 that

76 1375 94 1414 is,
106 1375 135 1417 ‘hy
141 1385 150 1406 a
156 1379 239 1407 statement
245 1374 263 1406 of
269 1374 295 1406 the
301 1373 334 1415 just
342 1373 394 1405 order·

76 1418 113 1462 ing*
124 1418 143 1451 oi
152 1419 227 1452 relations
238 1419 310 1451 between
322 1417 348 1450 the
361 1418 394 1451 Son

77 1464 108 1496 and
116 1463 143 1496 the
149 1463 212 1496 Father,
233 1463 280 1503 lxiiii,
288 1474 302 1504 p.
311 1473 334 1495 ro,
342 1463 356 1500 8,
362 1462 394 1494 dis·

75 1508 131 1550 positio
140 1508 206 1540 denotes
215 1508 242 1540 the
253 1508 288 1540 nice
298 1506 394 1548 adjustment

77 1551 95 1584 oi
106 1553 182 1584 elements
197 1551 213 1584 in
224 1552 251 1584 the
261 1550 338 1584 universe.
360 1550 394 1583 The

76 1597 125 1636 word,
139 1597 171 1628 and
185 1596 205 1629 its
221 1596 289 1628 kindred
304 1597 347 1635 verb,
362 1595 394 1627 had

76 1641 117 1673 been
128 1641 167 1673 used
178 1642 199 1682 by
209 1640 297 1672 Tertullian
306 1639 322 1670 in
332 1650 341 1671 a
352 1639 394 1671 sinri-

77 1684 100 1716 lar
115 1683 202 1716 connexion
217 1688 233 1715 to
246 1683 280 1715 that
293 1682 309 1714 in
320 1683 373 1714 which
383 1684 395 1714 it

77 1738 144 1772 appears
160 1727 202 1767 here,
218 1738 235 1760 as
249 1738 259 1760 a
273 1726 366 1760 translation
379 1726 398 1759 of

78 1774 153 1812 οἰκονομία
161 1773 192 1804 and
200 1784 209 1805 a
216 1783 293 1815 synonym
299 1771 317 1803 of
324 1772 395 1814 ‘dispen-

77 1815 128 1849 satio'
150 1816 396 1859 Thefollowingpassageshom

77 1861 115 1893 otiu.
123 1861 199 1893 Praxean
208 1860 241 1893 will
251 1859 344 1902 sufficiently
352 1859 395 1892 illus-

78 1911 118 1938 trate
125 1905 152 1937 the
159 1905 239 1946 meaning.
261 1905 281 1937 In
288 1905 296 1943 ἓ
304 1915 312 1936 a
322 1904 396 1936 ‘unicum

78 1948 141 1992 nitidem
156 1948 203 1982 deum
221 1948 303 1987 credimus,
321 1947 350 1981 sub
366 1947 396 1981 hac

44 1999 46 2004 ’
78 1998 131 2025 tamen
145 1993 267 2036 dispensatione,
286 2002 334 2035 quam
351 2002 396 2024 oeco-

78 2037 148 2069 nomiam
159 2037 231 2077 dicimus,
239 2042 257 2069 ut
266 2035 309 2069 unici
318 2035 344 2068 dei
354 2036 373 2068 sit
381 2040 396 2068 et

78 2081 139 2113 filius’:
167 2080 273 2113 ‘custodiatur
294 2080 396 2113 oeconomiae

78 2131 199 2165 sacramentum,
205 2136 245 2168 quae
250 2125 327 2158 unitatem
332 2124 348 2156 in
353 2125 396 2156 trini-

79 2174 128 2203 tatem
139 2169 219 2211 disponit’
241 2170 261 2201 In
271 2170 295 2209 §3
309 2169 397 2211 ‘simplices

79 2219 190 2257 expauescunt‚
199 2214 242 2256 quod
252 2213 361 2246 oeconomiam
368 2224 396 2245 nu-

79 2269 140 2291 memm
156 2263 172 2291 et
189 2257 309 2301 dispositionem
324 2257 397 2291 trinitatis

79 2303 174 2335 diuisionem
200 2307 301 2345 praesumunt
326 2302 396 2339 unitatis,

79 2346 143 2388 quando
155 2346 211 2385 unitas,
228 2357 247 2377 ex
261 2345 346 2387 semetipsa
357 2345 397 2377 deri·

79 2401 118 2423 naus
130 2389 222 2429 trinitatem,
233 2401 266 2423 non
278 2389 367 2423 destruatur
377 2390 398 2422 ah

79 2435 112 2474 illa,
120 2434 148 2466 sed
156 2435 283 2467 administretur.⁷
300 2434 346 2466 ‘uide
353 2444 396 2475 ergo,

80 2488 100 2511 ne
112 2482 129 2510 tu
140 2477 192 2519 potius
202 2478 311 2510 monarchiam
321 2477 397 2515 destruas,

79 2522 107 2566 qui
114 2521 234 2565 dispositionem
241 2527 257 2554 et
263 2521 396 2565 dispensationem

80 2568 113 2600 eius
125 2566 182 2600 euertis
195 2567 211 2599 in
224 2572 247 2599 tot
259 2566 350 2599 nominihus
361 2577 397 2599 con-

79 2612 156 2651 stitutam,
170 2611 187 2643 in
196 2616 235 2654 quot
244 2612 283 2643 deus
294 2611 356 2643 uoluit.¹
378 2611 398 2642 In

426 1284 449 1327 §9
461 1282 559 1326 ‘benequod
567 1287 582 1316 et
589 1283 663 1317 dominus
670 1296 706 1318 usus
713 1284 744 1318 hoc

426 1329 475 1361 uerbo
486 1329 514 1369 [se.
527 1328 583 1369 odiatis]
594 1329 611 1360 in
621 1339 689 1371 persona
699 1340 744 1372 para·

426 1372 463 1405 cleti
470 1383 502 1405 non
510 1372 604 1405 diuisionem
611 1373 710 1415 significauit,
716 1374 744 1406 sed

426 1417 555 1461 dispositionem:
573 1418 628 1460 rogabo
640 1417 682 1450 enim
693 1418 744 1462 inquit

423 1467 492 1504 patrem,
498 1466 513 1495 ot
519 1462 578 1494 alium'
586 1467 616 1494 etc.
635 1462 655 1494 In
663 1463 671 1502 ξ
678 1473 697 1505 19
705 1467 745 1506 ‘qua

426 1511 471 1549 pater
482 1511 497 1539 et
508 1505 554 1545 filius,
566 1506 603 1543 duo,
614 1511 629 1539 et
640 1507 671 1539 hoc
683 1518 715 1539 non
725 1518 744 1539 ex

426 1550 525 1593 separatione
535 1550 637 1591 substantiae,
649 1551 676 1583 sed
685 1562 704 1583 ex
713 1550 744 1584 dis·

426 1593 521 1637 positione':
530 1595 538 1633 ἓ
546 1605 563 1626 21
573 1595 684 1637 ‘dispositione
689 1595 743 1635 alium,

427 1650 459 1671 non
470 1637 566 1671 diuisione':
578 1640 613 1680 §23
626 1639 684 1672 ‘habes
694 1639 745 1672 filium

428 1682 444 1713 in
458 1683 508 1718 terris,
523 1681 573 1713 hahes
587 1687 648 1723 patrem
662 1683 678 1714 in
691 1683 744 1721 caelis,

428 1737 460 1758 non
467 1731 491 1759 est
498 1725 576 1768 separatio
583 1725 618 1766 ista,
627 1726 655 1759 sed
663 1726 745 1770 dispositio

428 1769 494 1803 diuina.'
514 1770 531 1802 A
540 1770 586 1813 study
593 1771 612 1803 of
618 1771 662 1803 these
672 1782 746 1814 passages

428 1814 746 1859 willshewthatTertullianisstrnggling

428 1864 445 1891 to
452 1868 516 1902 express
526 1869 535 1890 a
545 1858 636 1891 distinction
645 1859 663 1891 oi
672 1860 745 1893 relation·

428 1903 472 1945 ships
481 1903 537 1936 within
547 1903 574 1935 the
583 1903 628 1945 unity
635 1903 653 1935 oi
662 1904 699 1937 God
708 1904 729 1945 by
737 1915 746 1936 a

429 1945 746 1990 tennwhiehshallnotimply‘division';

428 1992 460 2023 aud
466 1992 487 2023 Ν,
493 1991 541 2023 hithe
547 1996 609 2033 present
614 2002 680 2034 passage
685 1991 746 2024 follows

428 2035 467 2068 him.
490 2036 522 2067 For
536 2035 563 2067 the
574 2035 650 2075 doctrine,
664 2047 690 2068 see
703 2037 745 2068 Mar-

428 2084 483 2112 tensen
490 2079 580 2121 Dogwotics
587 2089 614 2122 pp.
625 2089 652 2112 roa
661 2080 693 2113 foll.

450 2135 464 2167 9.
486 2122 612 2167 Johnx52,36.

451 2179 475 2201 ιι.
496 2175 530 2200 non
540 2170 607 2205 patrem
618 2176 635 2200 se
646 2170 675 2200 sed
686 2168 747 2208 titium]

430 2223 446 2245 as
454 2213 525 2255 opposed
531 2216 547 2244 to
555 2213 628 2249 Praxeas,
634 2213 688 2245 whose
695 2219 728 2246 sect
733 2213 747 2245 is

429 2256 481 2290 called
490 2257 511 2300 hy
520 2256 608 2289 Tertullian
617 2256 746 2300 ‘Patripassian’:

429 2300 746 2344 sotooNoetusoiSmymataught(circ.

429 2353 466 2376 nn.
479 2345 519 2384 200),
543 2345 589 2376 Even
601 2345 676 2376 Callistus
687 2346 700 2376 is
713 2345 746 2377 said

429 2394 446 2422 to
460 2389 500 2422 have
515 2388 575 2432 taught
586 2388 620 2422 that
639 2389 674 2422 ‘the
688 2390 747 2423 Father

429 2434 495 2466 suffered
513 2433 552 2465 with
569 2433 596 2465 the
614 2432 656 2467 Son'
672 2434 746 2476 [Hippol.

429 2477 570 2520 philosophantem
583 2477 598 2509 ix
611 2487 634 2514 11,
644 2476 674 2519 to),
685 2477 714 2510 but
726 2477 747 2509 he

429 2520 576 2554 excommunicated
602 2520 685 2562 SabeHius,
715 2522 747 2554 and

429 2578 479 2600 seems
499 2572 516 2599 to
533 2566 574 2599 have
590 2566 631 2599 been
647 2566 706 2610 feeling
722 2567 747 2599 his

429 2622 465 2654 stay
471 2611 540 2644 towards
547 2610 609 2642 Nicene
616 2611 721 2653 Christology.
