1746 2903
75 172 98 209 II,
107 171 142 212 ΙΙΙ]
273 172 308 205 DE
324 172 423 205 TRINJTA
428 171 458 204 TE
471 172 545 204 LIBER
729 170 742 212 9

74 268 165 318 hebescit,
181 283 206 309 ne
221 269 288 310 orbem
305 269 368 321 ipsum
386 269 464 323 obtutus
482 268 569 320 inspiciat
587 268 688 308 obuiorum
706 268 742 308 sibi

44 326 45 329 Ἴ
74 343 172 387 superatus
186 338 257 388 fulgore
268 335 369 383 radiorum,
386 336 423 374 hoc
435 335 486 375 idem
499 334 567 374 mentis
580 334 629 374 acies
642 334 711 386 patitur
722 335 742 374 in

73 400 188 453 cogitatione
200 400 252 443 onuri
265 402 290 441 de
302 401 352 450 de03
366 407 385 440 et
396 408 467 452 quanto
479 401 504 440 ad
513 398 673 440 considerandum
684 400 742 440 deum

74 469 116 520 plus
126 468 233 518 intenditur,
246 475 299 508 tauto
312 466 370 519 magis
383 466 423 519 ipsa
434 465 553 518 cogitationis
565 479 610 506 suae
624 467 666 507 luce
679 480 743 507 caeca-

74 539 109 572 tur.
142 533 188 584 quid
201 533 252 573 enim
269 534 293 572 de
309 546 332 572 eo
347 531 456 584 (utiterum
470 531 562 584 repetam)
576 531 671 583 condigne
684 531 761 581 dicas,5

74 600 107 653 qui
117 607 145 642 est
154 600 269 641 sublimitate
279 599 331 640 omni
340 598 443 649 sublimior,
454 606 472 639 et
481 598 580 639 altitudine
590 598 642 639 omni
651 597 710 649 altior,
724 606 743 640 et

74 669 170 720 profundo
184 668 237 708 omni
254 668 370 718 profundior,
387 674 406 707 et
422 666 474 707 omni
489 668 532 706 luce
549 666 634 716 lucidior,
653 673 672 707 et
690 667 742 707 omni

75 733 159 774 claritate
181 734 252 782 clarior,
272 733 325 773 omni
343 734 443 783 splendore
462 732 583 784 splendidior,
603 732 656 785 omni
675 733 743 774 robore

75 798 174 847 robustior,
188 799 241 840 omni
254 798 323 840 uirtute
336 798 411 848 oirilior,
426 799 479 840 omni
491 798 631 850 pulchritudine
641 800 742 851 pulchrior,

75 865 154 905 ueritate
166 866 219 905 omni
231 867 297 915 uerior,
312 873 331 906 et
344 865 454 906 fortitudine
466 865 519 905 omni
531 865 601 914 fortior,
615 873 634 906 et
645 865 743 907 maiestate
754 877 776 902 10

75 931 129 973 omni
145 932 209 981 maior,
225 941 244 973 et
258 932 311 973 omni
324 934 409 985 potentia
423 931 523 985 potentior,
538 940 557 973 et
570 932 659 973 omnibus
672 931 743 973 diuitiis

75 998 138 1045 ditior,
157 999 209 1038 omni
227 999 327 1051 prudentia
342 999 457 1051 prudentior,
476 1006 494 1038 et
510 997 562 1039 omni
580 998 695 1051 benignitate
713 999 744 1039 be-

76 1065 154 1118 nignior,
174 1066 226 1105 omni
244 1067 329 1106 bonitate
347 1065 417 1115 melior,
439 1065 492 1105 omni
512 1065 582 1105 iustitia
601 1065 672 1114 iustior,
691 1065 743 1106 omni

76 1132 177 1173 clementia
186 1133 309 1174 clementior?
336 1133 410 1173 minora
422 1133 473 1174 enim
482 1133 519 1174 sint
528 1148 606 1174 necesse
617 1141 645 1174 est
657 1133 744 1174 omnium

75 1213 145 1250 genera
161 1199 251 1240 uirtutum
267 1214 290 1239 eo
305 1200 352 1251 ipso,
367 1199 400 1251 qui
417 1200 508 1239 uirtutum
525 1199 611 1239 onmium
627 1207 646 1239 et
661 1200 708 1238 deus
724 1208 743 1239 et
754 1212 775 1250 15

76 1259 143 1317 parens
157 1272 196 1306 est:
210 1272 230 1306 ut
246 1278 290 1306 uere
304 1265 342 1306 diei
355 1265 414 1317 possit
427 1265 447 1307 id
460 1265 507 1306 deus
521 1278 567 1314 esse,
584 1267 636 1317 quod
650 1264 744 1307 eiusmodi

76 1340 105 1371 est
114 1330 145 1371 cui
154 1331 259 1383 comparari
267 1331 314 1371 nihil
323 1338 390 1383 potest.
413 1344 469 1384 super
481 1345 538 1372 omne
547 1339 575 1372 est
584 1331 635 1371 enim
644 1334 697 1385 quod
706 1332 744 1373 dici

77 1406 144 1450 potest.
173 1413 226 1439 mens
239 1407 267 1439 est
279 1401 329 1439 eninr
342 1400 436 1450 quaedam
448 1398 526 1451 gignens
539 1407 557 1440 et
566 1400 664 1451 complens
674 1399 743 1449 omnia,

77 1477 126 1515 quae
138 1464 178 1504 sine
192 1467 231 1504 ullo
246 1472 278 1503 aut
292 1465 346 1504 initio
359 1472 392 1503 aut
405 1464 485 1504 termino
499 1464 589 1517 temporis
603 1479 668 1505 causas
681 1479 744 1504 rerum

77 1530 186 1570 naturaliter
200 1544 257 1570 nexas
273 1532 298 1570 ad
313 1530 412 1570 utilitatem
430 1530 515 1570 omnium
534 1544 608 1571 summa
625 1539 644 1571 et
661 1533 744 1583 perfecta
754 1542 777 1567 20

77 1596 150 1636 ratione
164 1598 275 1636 moderetur.

56 1666 68 1705 3
117 1664 153 1702 ΙΙΙ.
182 1663 241 1702 Hunc
251 1661 306 1713 igitur
314 1661 433 1714 agnoscimus
443 1669 461 1702 et
471 1662 540 1702 scimus
552 1662 615 1710 deum,
625 1662 744 1703 conditorem

77 1743 138 1770 rerum
157 1728 248 1777 onmium,
264 1727 368 1777 dominum,
383 1735 459 1780 propter
476 1736 595 1780 potestatem,
609 1737 628 1769 et
646 1737 744 1782 parentem

147 1846 156 1880 9
167 1835 233 1876 uirilior]
239 1834 300 1867 uiritior
307 1834 353 1868 edd:
365 1834 509 1879 rrirosiorcorrr'.Ja.
565 1847 582 1878 13
594 1835 671 1869 honora.

99 1940 114 1973 r).
135 1930 208 1970 uirlllor]
218 1930 254 1961 thus
266 1929 274 1960 Ι
286 1930 343 1961 amend
354 1929 395 1960 utri-
428 1929 472 1961 ratus
486 1930 511 1968 tlte
529 1930 591 1961 lalana
604 1928 622 1971 of
636 1931 668 1962 iltis
685 1932 745 1972 eartltly

76 1975 114 2012 tzor,
127 1984 147 2006 an
162 1973 243 2005 unknown
255 1972 304 2004 ruord.
325 1972 395 2015 Jaclrsou
424 1972 483 2016 fretur,
492 1973 526 2005 ond
532 1973 568 2005 will
576 1978 604 2005 not
611 1974 648 2016 give
659 1974 691 2006 Hir
699 1976 745 2017 glory

78 2023 149 2060 suggests
161 2018 230 2048 uirosior
242 2016 283 2048 from
297 2016 363 2048 Tertull.
378 2018 396 2048 da

79 2063 141 2093 Anima
156 2071 178 2104 19,
192 2061 243 2092 which
255 2060 312 2103 hardly
322 2065 395 2103 supports

78 2106 98 2138 its
109 2116 136 2138 use
147 2106 190 2136 here.

101 2151 125 2182 18.
154 2149 176 2180 ‘A
193 2147 311 2180 mind...rvhich
329 2147 396 2180 without

78 2193 165 2237 beginning
179 2204 197 2226 or
211 2194 242 2226 end
256 2192 274 2225 of
289 2192 328 2225 time
342 2192 396 2226 orders

78 2239 117 2271 with
131 2249 203 2281 supreme
217 2237 249 2269 and
262 2237 321 2280 perfect
335 2248 395 2279 reason,

78 2284 117 2316 with
122 2295 131 2316 a
136 2284 176 2318 view
181 2287 197 2314 to
205 2282 231 2315 the
236 2282 278 2324 good
284 2281 302 2313 of
307 2282 334 2314 the
339 2282 395 2319 whole,

78 2338 133 2360 causes
143 2328 162 2366 iu¹
169 2326 210 2358 their
217 2326 279 2358 natural
288 2326 395 2358 conuertens.¹

80 2372 132 2404 ‘Finis
139 2370 210 2402 omnium
217 2371 295 2402 bonorum
302 2376 318 2402 et
328 2369 395 2402 altitudo

78 2415 121 2447 uitae
134 2421 149 2446 et
161 2415 259 2457 profunditas
268 2414 367 2457 eloquiorum
379 2420 396 2446 tu

78 2460 111 2502 es':
119 2459 168 2491 fortir.
181 2458 243 2490 Cltrirtz'
252 2457 269 2489 iii
281 2467 305 2500 59.

100 2504 132 2535 ΙΙΙ.
157 2503 195 2534 Tuo
208 2513 238 2534 oar
252 2503 286 2534 Gau
296 2503 310 2534 ir
322 2503 396 2534 Formder

78 2548 123 2591 psall
129 2547 186 2590 things,
194 2547 236 2580 idcir
242 2547 287 2579 Lord
291 2547 394 2587 arramato,

78 2604 96 2625 as
103 2593 145 2633 Hafa
153 2592 235 2634 Scrrptrrre
242 2591 299 2623 saeros:
309 2592 334 2623 He
344 2592 395 2623 irrosu-

428 2022 443 2048 to
457 2018 526 2054 artother,
541 2018 586 2048 raude
599 2029 618 2049 or*
634 2019 714 2058 froamed
726 2021 745 2060 by

428 2061 495 2092 adularer
504 2072 522 2092 or
533 2061 595 2093 derelic.
622 2062 647 2093 He
661 2073 697 2103 says
710 2063 746 2095 tuat

428 2116 448 2136 oo
460 2106 513 2146 terrrple
525 2105 595 2137 contains
607 2106 654 2145 Hiar,
668 2106 686 2137 in
700 2107 746 2138 order

428 2149 463 2181 idat
472 2159 495 2181 we
505 2160 542 2191 raray
552 2149 568 2181 de
577 2149 615 2181 rutra
625 2150 643 2181 in
654 2150 679 2182 tlte
691 2150 744 2183 triow-

428 2193 468 2236 ltrlga
482 2193 501 2236 of
513 2195 544 2226 Hir
556 2198 591 2226 true
603 2194 654 2236 glosa.
676 2195 701 2236 By
714 2196 745 2228 Ha

428 2238 480 2281 spirit
498 2238 523 2269 He
540 2238 593 2270 arnald
608 2243 648 2270 turn
667 2250 686 2271 us
698 2240 744 2281 from

428 2282 482 2314 tractat
488 2282 533 2324 pride
543 2288 557 2315 to
566 2283 591 2314 tlte
599 2284 684 2323 gaztlmass
694 2284 745 2326 rfftde

427 2327 560 2359 lturrtblelteartad:
572 2327 608 2358 that
617 2337 640 2359 aue
650 2338 686 2369 may
696 2339 744 2371 recog-

428 2372 461 2402 m'se
471 2371 506 2402 idat
518 2372 555 2410 God,
564 2372 618 2402 rather
627 2372 667 2402 tlmrr
675 2373 743 2413 Natura,

428 2415 442 2446 ir
456 2414 481 2446 rte
496 2416 570 2447 Foandcr
583 2415 602 2457 aff
613 2417 680 2448 rratrrraf
693 2417 743 2450 order.

428 2458 460 2490 Hir
477 2459 549 2491 iiivirible
563 2463 643 2500 greutnars
660 2469 682 2492 we
700 2461 745 2493 learnt

428 2503 495 2544 through
501 2503 554 2545 tdiugs
559 2502 623 2536 visita.-
633 2503 705 2546 ofarrltout
712 2506 747 2538 aad

428 2548 446 2579 r'u
460 2547 510 2579 whom
523 2548 557 2580 arrd
569 2547 637 2591 through
652 2547 703 2581 wltoru
718 2561 746 2583 arc

427 2592 452 2623 all
461 2592 518 2634 ldirtgr.
