<?xml version="1.0" encoding="UTF-8"?>
<!DOCTYPE html PUBLIC "-//W3C//DTD XHTML 1.0 Transitional//EN"
    "http://www.w3.org/TR/xhtml1/DTD/xhtml1-transitional.dtd">
<html xmlns="http://www.w3.org/1999/xhtml" xml:lang="en" lang="en">
 <head>
  <title>
</title>
<meta http-equiv="Content-Type" content="text/html;charset=utf-8" />
  <meta name='ocr-system' content='tesseract 3.04.00' />
  <meta name='ocr-capabilities' content='ocr_page ocr_carea ocr_par ocr_line ocrx_word'/>
</head>
<body>
  <div class='ocr_page' id='page_1' title='image "MN41666ucmf_3_0194.png"; bbox 0 0 1746 2903; ppageno 0'>
   <div class='ocr_carea' id='block_1_1' title="bbox 150 159 187 192">
    <p class='ocr_par' dir='ltr' id='par_1_1' title="bbox 150 159 187 192">
     <span class='ocr_line' id='line_1_1' title="bbox 150 159 187 192; baseline -0.054 0"><span class='ocrx_word' id='word_1_1' title='bbox 150 159 187 192; x_wconf 84' lang='lat'>112</span> 
     </span>
    </p>
   </div>
   <div class='ocr_carea' id='block_1_2' title="bbox 413 164 553 198">
    <p class='ocr_par' dir='ltr' id='par_1_2' title="bbox 413 164 553 198">
     <span class='ocr_line' id='line_1_2' title="bbox 413 164 553 198; baseline 0.007 -1"><span class='ocrx_word' id='word_1_2' title='bbox 413 164 553 198; x_wconf 78' lang='lat' dir='ltr'><em>NOVATIANI</em></span> 
     </span>
    </p>
   </div>
   <div class='ocr_carea' id='block_1_3' title="bbox 764 167 819 209">
    <p class='ocr_par' dir='ltr' id='par_1_3' title="bbox 764 167 819 209">
     <span class='ocr_line' id='line_1_3' title="bbox 764 167 819 209; baseline 0.018 -10"><span class='ocrx_word' id='word_1_3' title='bbox 764 167 819 209; x_wconf 75' lang='lat' dir='ltr'>[xxx</span> 
     </span>
    </p>
   </div>
   <div class='ocr_carea' id='block_1_4' title="bbox 120 260 821 1443">
    <p class='ocr_par' dir='ltr' id='par_1_4' title="bbox 120 260 821 1443">
     <span class='ocr_line' id='line_1_4' title="bbox 149 260 820 311; baseline 0.007 -13"><span class='ocrx_word' id='word_1_4' title='bbox 149 260 248 300; x_wconf 88' lang='lat' dir='ltr'>ueritatem</span> <span class='ocrx_word' id='word_1_5' title='bbox 263 274 337 311; x_wconf 84' lang='lat' dir='ltr'>semper</span> <span class='ocrx_word' id='word_1_6' title='bbox 351 261 441 300; x_wconf 85' lang='lat' dir='ltr'>haeretici</span> <span class='ocrx_word' id='word_1_7' title='bbox 456 261 539 301; x_wconf 82' lang='lat' dir='ltr'>sincerae</span> <span class='ocrx_word' id='word_1_8' title='bbox 557 261 663 302; x_wconf 80' lang='lat' dir='ltr'>traditionis</span> <span class='ocrx_word' id='word_1_9' title='bbox 679 271 698 303; x_wconf 92' lang='lat' dir='ltr'>et</span> <span class='ocrx_word' id='word_1_10' title='bbox 713 263 820 303; x_wconf 85' lang='lat' dir='ltr'>catholicae</span> 
     </span>
     <span class='ocr_line' id='line_1_5' title="bbox 149 327 819 379; baseline 0.003 -13"><span class='ocrx_word' id='word_1_11' title='bbox 149 327 195 367; x_wconf 87' lang='lat' dir='ltr'>fidei</span> <span class='ocrx_word' id='word_1_12' title='bbox 210 328 358 367; x_wconf 85' lang='lat' dir='ltr'>controuersiam</span> <span class='ocrx_word' id='word_1_13' title='bbox 373 328 434 367; x_wconf 84' lang='lat' dir='ltr'>solent</span> <span class='ocrx_word' id='word_1_14' title='bbox 448 328 526 376; x_wconf 88' lang='lat' dir='ltr'>trahere,</span> <span class='ocrx_word' id='word_1_15' title='bbox 543 327 664 368; x_wconf 86' lang='lat' dir='ltr'>scandalizati</span> <span class='ocrx_word' id='word_1_16' title='bbox 679 328 699 369; x_wconf 94' lang='lat' dir='ltr'>in</span> <span class='ocrx_word' id='word_1_17' title='bbox 714 329 819 379; x_wconf 78' lang='lat' dir='ltr'>Christum,</span> 
     </span>
     <span class='ocr_line' id='line_1_6' title="bbox 150 392 820 445; baseline 0.004 -13"><span class='ocrx_word' id='word_1_18' title='bbox 150 394 203 444; x_wconf 88' lang='lat' dir='ltr'>quod</span> <span class='ocrx_word' id='word_1_19' title='bbox 221 392 278 433; x_wconf 85' lang='lat' dir='ltr'>etiarn</span> <span class='ocrx_word' id='word_1_20' title='bbox 298 394 346 433; x_wconf 86' lang='lat' dir='ltr'>deus</span> <span class='ocrx_word' id='word_1_21' title='bbox 367 400 386 432; x_wconf 89' lang='lat' dir='ltr'>et</span> <span class='ocrx_word' id='word_1_22' title='bbox 406 407 440 444; x_wconf 90' lang='lat' dir='ltr'>per</span> <span class='ocrx_word' id='word_1_23' title='bbox 462 393 562 445; x_wconf 83' lang='lat' dir='ltr'>scripturas</span> <span class='ocrx_word' id='word_1_24' title='bbox 584 402 677 435; x_wconf 89' lang='lat' dir='ltr'>asseratur</span> <span class='ocrx_word' id='word_1_25' title='bbox 694 403 714 435; x_wconf 90' lang='lat' dir='ltr'>et</span> <span class='ocrx_word' id='word_1_26' title='bbox 733 409 744 435; x_wconf 86' lang='lat' dir='ltr'>a</span> <span class='ocrx_word' id='word_1_27' title='bbox 762 395 820 435; x_wconf 87' lang='lat' dir='ltr'>nohis</span> 
     </span>
     <span class='ocr_line' id='line_1_7' title="bbox 150 458 819 512; baseline 0.003 -14"><span class='ocrx_word' id='word_1_28' title='bbox 150 459 187 498; x_wconf 89' lang='lat' dir='ltr'>hoc</span> <span class='ocrx_word' id='word_1_29' title='bbox 203 472 244 498; x_wconf 91' lang='lat' dir='ltr'>esse</span> <span class='ocrx_word' id='word_1_30' title='bbox 260 460 352 508; x_wconf 86' lang='lat' dir='ltr'>credatur,</span> <span class='ocrx_word' id='word_1_31' title='bbox 367 458 434 498; x_wconf 88' lang='lat' dir='ltr'>rnerito</span> <span class='ocrx_word' id='word_1_32' title='bbox 450 459 532 499; x_wconf 90' lang='lat' dir='ltr'>anobis</span> <span class='ocrx_word' id='word_1_33' title='bbox 549 460 578 512; x_wconf 90' lang='lat' dir='ltr'>(ut</span> <span class='ocrx_word' id='word_1_34' title='bbox 593 460 655 500; x_wconf 91' lang='lat' dir='ltr'>ornnis</span> <span class='ocrx_word' id='word_1_35' title='bbox 671 474 682 500; x_wconf 81' lang='lat' dir='ltr'>a</span> <span class='ocrx_word' id='word_1_36' title='bbox 697 462 736 502; x_wconf 89' lang='lat' dir='ltr'>fide</span> <span class='ocrx_word' id='word_1_37' title='bbox 754 469 819 501; x_wconf 84' lang='lat' dir='ltr'>nostra</span> 
     </span>
     <span class='ocr_line' id='line_1_8' title="bbox 131 524 819 582; baseline 0.003 -17"><span class='ocrx_word' id='word_1_38' title='bbox 131 524 218 582; x_wconf 85' lang='lat' dir='ltr'>5auferri</span> <span class='ocrx_word' id='word_1_39' title='bbox 234 524 293 577; x_wconf 85' lang='lat' dir='ltr'>possit</span> <span class='ocrx_word' id='word_1_40' title='bbox 311 524 405 565; x_wconf 85' lang='lat' dir='ltr'>haeretica</span> <span class='ocrx_word' id='word_1_41' title='bbox 423 525 526 580; x_wconf 85' lang='lat' dir='ltr'>calumnia)</span> <span class='ocrx_word' id='word_1_42' title='bbox 542 526 566 566; x_wconf 93' lang='lat' dir='ltr'>de</span> <span class='ocrx_word' id='word_1_43' title='bbox 582 540 605 566; x_wconf 88' lang='lat' dir='ltr'>eo</span> <span class='ocrx_word' id='word_1_44' title='bbox 623 528 676 579; x_wconf 91' lang='lat' dir='ltr'>quod</span> <span class='ocrx_word' id='word_1_45' title='bbox 694 534 712 568; x_wconf 91' lang='lat' dir='ltr'>et</span> <span class='ocrx_word' id='word_1_46' title='bbox 730 529 776 569; x_wconf 92' lang='lat' dir='ltr'>deus</span> <span class='ocrx_word' id='word_1_47' title='bbox 795 527 819 568; x_wconf 79' lang='lat' dir='ltr'>sit</span> 
     </span>
     <span class='ocr_line' id='line_1_9' title="bbox 152 585 819 648; baseline 0.003 -15"><span class='ocrx_word' id='word_1_48' title='bbox 152 592 238 634; x_wconf 84' lang='lat' dir='ltr'>Christus</span> <span class='ocrx_word' id='word_1_49' title='bbox 258 592 285 633; x_wconf 88' lang='lat' dir='ltr'>sic</span> <span class='ocrx_word' id='word_1_50' title='bbox 305 599 334 633; x_wconf 89' lang='lat' dir='ltr'>est</span> <span class='ocrx_word' id='word_1_51' title='bbox 352 592 493 645; x_wconf 89' lang='lat' dir='ltr'>disputandum,</span> <span class='ocrx_word' id='word_1_52' title='bbox 512 585 536 634; x_wconf 84' lang='lat' dir='ltr'>ut</span> <span class='ocrx_word' id='word_1_53' title='bbox 551 607 590 633; x_wconf 91' lang='lat' dir='ltr'>non</span> <span class='ocrx_word' id='word_1_54' title='bbox 607 593 699 647; x_wconf 87' lang='lat' dir='ltr'>impediat</span> <span class='ocrx_word' id='word_1_55' title='bbox 717 594 819 648; x_wconf 81' lang='lat' dir='ltr'>scripturae</span> 
     </span>
     <span class='ocr_line' id='line_1_10' title="bbox 151 656 821 714; baseline 0.006 -16"><span class='ocrx_word' id='word_1_56' title='bbox 151 659 255 708; x_wconf 84' lang='lat' dir='ltr'>ueritatem,</span> <span class='ocrx_word' id='word_1_57' title='bbox 275 656 309 700; x_wconf 87' lang='lat' dir='ltr'>sed</span> <span class='ocrx_word' id='word_1_58' title='bbox 326 673 362 699; x_wconf 91' lang='lat' dir='ltr'>nec</span> <span class='ocrx_word' id='word_1_59' title='bbox 378 667 462 699; x_wconf 89' lang='lat' dir='ltr'>nostram</span> <span class='ocrx_word' id='word_1_60' title='bbox 480 663 543 711; x_wconf 85' lang='lat' dir='ltr'>fidem,</span> <span class='ocrx_word' id='word_1_61' title='bbox 560 675 598 712; x_wconf 88' lang='lat' dir='ltr'>qua</span> <span class='ocrx_word' id='word_1_62' title='bbox 616 676 665 701; x_wconf 92' lang='lat' dir='ltr'>unus</span> <span class='ocrx_word' id='word_1_63' title='bbox 683 664 730 702; x_wconf 90' lang='lat' dir='ltr'>deus</span> <span class='ocrx_word' id='word_1_64' title='bbox 748 671 767 702; x_wconf 90' lang='lat' dir='ltr'>et</span> <span class='ocrx_word' id='word_1_65' title='bbox 785 676 821 714; x_wconf 88' lang='lat' dir='ltr'>per</span> 
     </span>
     <span class='ocr_line' id='line_1_11' title="bbox 151 725 709 777; baseline 0.004 -12"><span class='ocrx_word' id='word_1_66' title='bbox 151 725 251 776; x_wconf 90' lang='lat' dir='ltr'>scripturas</span> <span class='ocrx_word' id='word_1_67' title='bbox 264 727 362 777; x_wconf 86' lang='lat' dir='ltr'>promitur,</span> <span class='ocrx_word' id='word_1_68' title='bbox 377 734 396 765; x_wconf 92' lang='lat' dir='ltr'>et</span> <span class='ocrx_word' id='word_1_69' title='bbox 409 740 420 765; x_wconf 90' lang='lat' dir='ltr'>a</span> <span class='ocrx_word' id='word_1_70' title='bbox 433 727 489 766; x_wconf 89' lang='lat' dir='ltr'>nohis</span> <span class='ocrx_word' id='word_1_71' title='bbox 503 735 577 768; x_wconf 86' lang='lat' dir='ltr'>tenetur</span> <span class='ocrx_word' id='word_1_72' title='bbox 590 735 609 767; x_wconf 87' lang='lat' dir='ltr'>et</span> <span class='ocrx_word' id='word_1_73' title='bbox 623 728 709 768; x_wconf 91' lang='lat' dir='ltr'>creditur.</span> 
     </span>
     <span class='ocr_line' id='line_1_12' title="bbox 189 791 819 845; baseline 0.003 -14"><span class='ocrx_word' id='word_1_74' title='bbox 189 799 229 831; x_wconf 86' lang='lat' dir='ltr'>tarn</span> <span class='ocrx_word' id='word_1_75' title='bbox 243 791 295 832; x_wconf 91' lang='lat' dir='ltr'>enirn</span> <span class='ocrx_word' id='word_1_76' title='bbox 307 791 335 832; x_wconf 93' lang='lat' dir='ltr'>illi</span> <span class='ocrx_word' id='word_1_77' title='bbox 350 791 384 842; x_wconf 86' lang='lat' dir='ltr'>qui</span> <span class='ocrx_word' id='word_1_78' title='bbox 399 793 464 832; x_wconf 83' lang='lat' dir='ltr'>lesum</span> <span class='ocrx_word' id='word_1_79' title='bbox 479 793 575 834; x_wconf 87' lang='lat' dir='ltr'>Christum</span> <span class='ocrx_word' id='word_1_80' title='bbox 593 793 656 845; x_wconf 89' lang='lat' dir='ltr'>ipsum</span> <span class='ocrx_word' id='word_1_81' title='bbox 673 795 731 834; x_wconf 88' lang='lat' dir='ltr'>deum</span> <span class='ocrx_word' id='word_1_82' title='bbox 745 800 819 845; x_wconf 85' lang='lat' dir='ltr'>patrem</span> 
     </span>
     <span class='ocr_line' id='line_1_13' title="bbox 120 858 821 911; baseline 0.004 -14"><span class='ocrx_word' id='word_1_83' title='bbox 120 859 223 907; x_wconf 72' lang='lat' dir='ltr'>lodicum,</span> <span class='ocrx_word' id='word_1_84' title='bbox 234 872 292 910; x_wconf 85' lang='lat' dir='ltr'>qnam</span> <span class='ocrx_word' id='word_1_85' title='bbox 305 859 361 899; x_wconf 89' lang='lat' dir='ltr'>etiarn</span> <span class='ocrx_word' id='word_1_86' title='bbox 374 858 401 898; x_wconf 92' lang='lat' dir='ltr'>illi</span> <span class='ocrx_word' id='word_1_87' title='bbox 413 859 446 911; x_wconf 82' lang='lat' dir='ltr'>qui</span> <span class='ocrx_word' id='word_1_88' title='bbox 456 859 554 900; x_wconf 90' lang='lat' dir='ltr'>hominem</span> <span class='ocrx_word' id='word_1_89' title='bbox 566 859 619 900; x_wconf 92' lang='lat' dir='ltr'>illurn</span> <span class='ocrx_word' id='word_1_90' title='bbox 631 862 765 901; x_wconf 84' lang='lat' dir='ltr'>tantummodo</span> <span class='ocrx_word' id='word_1_91' title='bbox 778 874 821 900; x_wconf 86' lang='lat' dir='ltr'>esse</span> 
     </span>
     <span class='ocr_line' id='line_1_14' title="bbox 152 924 818 978; baseline 0.003 -14"><span class='ocrx_word' id='word_1_92' title='bbox 152 925 258 975; x_wconf 87' lang='lat' dir='ltr'>uoluerunt,</span> <span class='ocrx_word' id='word_1_93' title='bbox 273 925 339 965; x_wconf 89' lang='lat' dir='ltr'>erroris</span> <span class='ocrx_word' id='word_1_94' title='bbox 352 924 382 964; x_wconf 88' lang='lat' dir='ltr'>sui</span> <span class='ocrx_word' id='word_1_95' title='bbox 395 931 413 964; x_wconf 88' lang='lat' dir='ltr'>et</span> <span class='ocrx_word' id='word_1_96' title='bbox 426 926 553 977; x_wconf 84' lang='lat' dir='ltr'>peruersitatis</span> <span class='ocrx_word' id='word_1_97' title='bbox 567 926 647 978; x_wconf 84' lang='lat' dir='ltr'>origines</span> <span class='ocrx_word' id='word_1_98' title='bbox 661 934 680 966; x_wconf 91' lang='lat' dir='ltr'>et</span> <span class='ocrx_word' id='word_1_99' title='bbox 694 941 759 967; x_wconf 83' lang='lat' dir='ltr'>causas</span> <span class='ocrx_word' id='word_1_100' title='bbox 772 926 818 967; x_wconf 93' lang='lat' dir='ltr'>inde</span> 
     </span>
     <span class='ocr_line' id='line_1_15' title="bbox 152 991 820 1045; baseline 0.003 -14"><span class='ocrx_word' id='word_1_101' title='bbox 152 1000 258 1043; x_wconf 82' lang='lat' dir='ltr'>rapuerunt,</span> <span class='ocrx_word' id='word_1_102' title='bbox 270 993 314 1044; x_wconf 84' lang='lat' dir='ltr'>quia</span> <span class='ocrx_word' id='word_1_103' title='bbox 321 995 367 1032; x_wconf 69' lang='lat' dir='ltr'>&#39;cum</span> <span class='ocrx_word' id='word_1_104' title='bbox 376 991 548 1033; x_wconf 82' lang='lat' dir='ltr'>animaduerterent</span> <span class='ocrx_word' id='word_1_105' title='bbox 558 993 648 1045; x_wconf 87' lang='lat' dir='ltr'>seriptum</span> <span class='ocrx_word' id='word_1_106' title='bbox 658 1008 699 1034; x_wconf 88' lang='lat' dir='ltr'>esse</span> <span class='ocrx_word' id='word_1_107' title='bbox 708 995 761 1045; x_wconf 87' lang='lat' dir='ltr'>quod</span> <span class='ocrx_word' id='word_1_108' title='bbox 770 1008 820 1034; x_wconf 88' lang='lat' dir='ltr'>unus</span> 
     </span>
     <span class='ocr_line' id='line_1_16' title="bbox 153 1057 819 1111; baseline 0.008 -16"><span class='ocrx_word' id='word_1_109' title='bbox 153 1057 176 1095; x_wconf 92' lang='lat' dir='ltr'>sit</span> <span class='ocrx_word' id='word_1_110' title='bbox 183 1059 236 1106; x_wconf 88' lang='lat' dir='ltr'>deus,</span> <span class='ocrx_word' id='word_1_111' title='bbox 244 1072 284 1096; x_wconf 92' lang='lat' dir='ltr'>non</span> <span class='ocrx_word' id='word_1_112' title='bbox 291 1058 344 1097; x_wconf 85' lang='lat' dir='ltr'>aliter</span> <span class='ocrx_word' id='word_1_113' title='bbox 351 1065 465 1109; x_wconf 85' lang='lat' dir='ltr'>putauerunt</span> <span class='ocrx_word' id='word_1_114' title='bbox 474 1058 529 1097; x_wconf 85' lang='lat' dir='ltr'>istam</span> <span class='ocrx_word' id='word_1_115' title='bbox 539 1068 602 1098; x_wconf 89' lang='lat' dir='ltr'>tenere</span> <span class='ocrx_word' id='word_1_116' title='bbox 610 1073 630 1098; x_wconf 93' lang='lat' dir='ltr'>se</span> <span class='ocrx_word' id='word_1_117' title='bbox 636 1073 692 1111; x_wconf 89' lang='lat' dir='ltr'>posse</span> <span class='ocrx_word' id='word_1_118' title='bbox 700 1060 819 1110; x_wconf 83' lang='lat' dir='ltr'>sententiam,</span> 
     </span>
     <span class='ocr_line' id='line_1_17' title="bbox 152 1123 820 1182; baseline 0.003 -18"><span class='ocrx_word' id='word_1_119' title='bbox 152 1124 189 1165; x_wconf 92' lang='lat' dir='ltr'>nisi</span> <span class='ocrx_word' id='word_1_120' title='bbox 200 1132 233 1165; x_wconf 88' lang='lat' dir='ltr'>aut</span> <span class='ocrx_word' id='word_1_121' title='bbox 246 1124 344 1165; x_wconf 91' lang='lat' dir='ltr'>hominem</span> <span class='ocrx_word' id='word_1_122' title='bbox 358 1132 432 1164; x_wconf 83' lang='lat' dir='ltr'>tantum</span> <span class='ocrx_word' id='word_1_123' title='bbox 448 1123 550 1182; x_wconf 72' lang='lat' dir='ltr'>Christum,</span> <span class='ocrx_word' id='word_1_124' title='bbox 564 1132 597 1165; x_wconf 84' lang='lat' dir='ltr'>aut</span> <span class='ocrx_word' id='word_1_125' title='bbox 611 1133 661 1166; x_wconf 90' lang='lat' dir='ltr'>certe</span> <span class='ocrx_word' id='word_1_126' title='bbox 675 1127 733 1167; x_wconf 91' lang='lat' dir='ltr'>deum</span> <span class='ocrx_word' id='word_1_127' title='bbox 747 1134 820 1180; x_wconf 87' lang='lat' dir='ltr'>patrem</span> 
     </span>
     <span class='ocr_line' id='line_1_18' title="bbox 121 1191 821 1246; baseline 0.004 -15"><span class='ocrx_word' id='word_1_128' title='bbox 121 1202 142 1244; x_wconf 84' lang='lat'>15</span> <span class='ocrx_word' id='word_1_129' title='bbox 152 1198 294 1246; x_wconf 83' lang='lat' dir='ltr'>putarentesse</span> <span class='ocrx_word' id='word_1_130' title='bbox 306 1192 429 1232; x_wconf 88' lang='lat' dir='ltr'>credendum.</span> <span class='ocrx_word' id='word_1_131' title='bbox 456 1191 483 1232; x_wconf 92' lang='lat' dir='ltr'>sic</span> <span class='ocrx_word' id='word_1_132' title='bbox 495 1192 546 1232; x_wconf 89' lang='lat' dir='ltr'>enirn</span> <span class='ocrx_word' id='word_1_133' title='bbox 559 1192 662 1233; x_wconf 88' lang='lat' dir='ltr'>calumnias</span> <span class='ocrx_word' id='word_1_134' title='bbox 676 1207 719 1234; x_wconf 91' lang='lat' dir='ltr'>suas</span> <span class='ocrx_word' id='word_1_135' title='bbox 733 1192 821 1246; x_wconf 83' lang='lat' dir='ltr'>colligere</span> 
     </span>
     <span class='ocr_line' id='line_1_19' title="bbox 153 1257 821 1309; baseline 0.003 -12"><span class='ocrx_word' id='word_1_136' title='bbox 153 1265 298 1308; x_wconf 84' lang='lat' dir='ltr'>consueuerunt,</span> <span class='ocrx_word' id='word_1_137' title='bbox 315 1264 336 1297; x_wconf 91' lang='lat' dir='ltr'>ut</span> <span class='ocrx_word' id='word_1_138' title='bbox 350 1270 430 1297; x_wconf 88' lang='lat' dir='ltr'>errorem</span> <span class='ocrx_word' id='word_1_139' title='bbox 447 1257 544 1309; x_wconf 93' lang='lat' dir='ltr'>proprium</span> <span class='ocrx_word' id='word_1_140' title='bbox 559 1258 664 1309; x_wconf 85' lang='lat' dir='ltr'>approbare</span> <span class='ocrx_word' id='word_1_141' title='bbox 681 1259 769 1299; x_wconf 90' lang='lat' dir='ltr'>nitantur.</span> <span class='ocrx_word' id='word_1_142' title='bbox 802 1266 821 1299; x_wconf 94' lang='lat' dir='ltr'>et</span> 
     </span>
     <span class='ocr_line' id='line_1_20' title="bbox 154 1323 821 1381; baseline 0 -17"><span class='ocrx_word' id='word_1_143' title='bbox 154 1324 231 1376; x_wconf 88' lang='lat' dir='ltr'>quidem</span> <span class='ocrx_word' id='word_1_144' title='bbox 243 1324 270 1365; x_wconf 89' lang='lat' dir='ltr'>illi</span> <span class='ocrx_word' id='word_1_145' title='bbox 284 1324 316 1381; x_wconf 88' lang='lat' dir='ltr'>qui</span> <span class='ocrx_word' id='word_1_146' title='bbox 330 1325 394 1363; x_wconf 85' lang='lat' dir='ltr'>Iesum</span> <span class='ocrx_word' id='word_1_147' title='bbox 407 1323 504 1364; x_wconf 88' lang='lat' dir='ltr'>Christum</span> <span class='ocrx_word' id='word_1_148' title='bbox 517 1332 589 1376; x_wconf 80' lang='lat' dir='ltr'>patrem</span> <span class='ocrx_word' id='word_1_149' title='bbox 603 1324 674 1374; x_wconf 87' lang='lat' dir='ltr'>dicunt,</span> <span class='ocrx_word' id='word_1_150' title='bbox 687 1325 723 1365; x_wconf 82' lang='lat' dir='ltr'>ista</span> <span class='ocrx_word' id='word_1_151' title='bbox 736 1332 821 1377; x_wconf 87' lang='lat' dir='ltr'>praeten-</span> 
     </span>
     <span class='ocr_line' id='line_1_21' title="bbox 154 1390 820 1443; baseline 0 -12"><span class='ocrx_word' id='word_1_152' title='bbox 154 1392 212 1432; x_wconf 82' lang='lat' dir='ltr'>dunt:</span> <span class='ocrx_word' id='word_1_153' title='bbox 227 1391 243 1432; x_wconf 87' lang='lat' dir='ltr'>si</span> <span class='ocrx_word' id='word_1_154' title='bbox 255 1405 304 1432; x_wconf 90' lang='lat' dir='ltr'>unus</span> <span class='ocrx_word' id='word_1_155' title='bbox 315 1393 367 1440; x_wconf 87' lang='lat' dir='ltr'>deus,</span> <span class='ocrx_word' id='word_1_156' title='bbox 383 1390 469 1431; x_wconf 89' lang='lat' dir='ltr'>Christus</span> <span class='ocrx_word' id='word_1_157' title='bbox 481 1397 545 1430; x_wconf 86' lang='lat' dir='ltr'>autem</span> <span class='ocrx_word' id='word_1_158' title='bbox 556 1391 608 1440; x_wconf 87' lang='lat' dir='ltr'>deus,</span> <span class='ocrx_word' id='word_1_159' title='bbox 622 1400 676 1443; x_wconf 86' lang='lat' dir='ltr'>pater</span> <span class='ocrx_word' id='word_1_160' title='bbox 687 1398 716 1432; x_wconf 92' lang='lat' dir='ltr'>est</span> <span class='ocrx_word' id='word_1_161' title='bbox 728 1390 820 1441; x_wconf 89' lang='lat' dir='ltr'>Christus,</span> 
     </span>
    </p>
   </div>
   <div class='ocr_carea' id='block_1_5' title="bbox 121 1457 823 1572">
    <p class='ocr_par' dir='ltr' id='par_1_5' title="bbox 121 1457 823 1572">
     <span class='ocr_line' id='line_1_22' title="bbox 154 1457 823 1510; baseline 0 -12"><span class='ocrx_word' id='word_1_162' title='bbox 154 1460 199 1510; x_wconf 91' lang='lat' dir='ltr'>quia</span> <span class='ocrx_word' id='word_1_163' title='bbox 216 1473 266 1499; x_wconf 93' lang='lat' dir='ltr'>unus</span> <span class='ocrx_word' id='word_1_164' title='bbox 284 1460 342 1500; x_wconf 82' lang='lat' dir='ltr'>deus:</span> <span class='ocrx_word' id='word_1_165' title='bbox 363 1457 379 1498; x_wconf 89' lang='lat' dir='ltr'>si</span> <span class='ocrx_word' id='word_1_166' title='bbox 396 1471 436 1498; x_wconf 91' lang='lat' dir='ltr'>non</span> <span class='ocrx_word' id='word_1_167' title='bbox 454 1465 507 1509; x_wconf 88' lang='lat' dir='ltr'>pater</span> <span class='ocrx_word' id='word_1_168' title='bbox 524 1457 547 1497; x_wconf 92' lang='lat' dir='ltr'>sit</span> <span class='ocrx_word' id='word_1_169' title='bbox 563 1457 654 1507; x_wconf 88' lang='lat' dir='ltr'>Christus,</span> <span class='ocrx_word' id='word_1_170' title='bbox 674 1460 720 1499; x_wconf 92' lang='lat' dir='ltr'>dum</span> <span class='ocrx_word' id='word_1_171' title='bbox 738 1466 757 1499; x_wconf 93' lang='lat' dir='ltr'>et</span> <span class='ocrx_word' id='word_1_172' title='bbox 774 1459 823 1499; x_wconf 87' lang='lat' dir='ltr'>deus</span> 
     </span>
     <span class='ocr_line' id='line_1_23' title="bbox 121 1521 821 1572; baseline 0.003 -13"><span class='ocrx_word' id='word_1_173' title='bbox 121 1524 203 1563; x_wconf 76' lang='lat' dir='ltr'>rofilius</span> <span class='ocrx_word' id='word_1_174' title='bbox 226 1526 317 1572; x_wconf 86' lang='lat' dir='ltr'>Christus,</span> <span class='ocrx_word' id='word_1_175' title='bbox 337 1525 376 1563; x_wconf 92' lang='lat' dir='ltr'>duo</span> <span class='ocrx_word' id='word_1_176' title='bbox 398 1522 424 1562; x_wconf 90' lang='lat' dir='ltr'>dii</span> <span class='ocrx_word' id='word_1_177' title='bbox 447 1529 512 1561; x_wconf 83' lang='lat' dir='ltr'>contra</span> <span class='ocrx_word' id='word_1_178' title='bbox 534 1521 634 1572; x_wconf 79' lang='lat' dir='ltr'>scripturas</span> <span class='ocrx_word' id='word_1_179' title='bbox 656 1522 760 1562; x_wconf 86' lang='lat' dir='ltr'>introducti</span> <span class='ocrx_word' id='word_1_180' title='bbox 780 1535 821 1562; x_wconf 91' lang='lat' dir='ltr'>esse</span> 
     </span>
    </p>
   </div>
   <div class='ocr_carea' id='block_1_6' title="bbox 155 1611 584 1710">
    <p class='ocr_par' dir='ltr' id='par_1_6' title="bbox 155 1611 584 1710">
     <span class='ocr_line' id='line_1_24' title="bbox 185 1611 584 1656; baseline -0.005 -11"><span class='ocrx_word' id='word_1_181' title='bbox 185 1614 194 1646; x_wconf 84' lang='lat'>8</span> <span class='ocrx_word' id='word_1_182' title='bbox 205 1612 238 1645; x_wconf 81' lang='lat' dir='ltr'>edd.</span> <span class='ocrx_word' id='word_1_183' title='bbox 250 1613 347 1656; x_wconf 86' lang='lat' dir='ltr'>promittitur</span> <span class='ocrx_word' id='word_1_184' title='bbox 357 1616 375 1644; x_wconf 82' lang='lat' dir='ltr'>ut</span> <span class='ocrx_word' id='word_1_185' title='bbox 382 1623 402 1645; x_wconf 76' lang='lat' dir='ltr'>a:</span> <span class='ocrx_word' id='word_1_186' title='bbox 413 1622 452 1644; x_wconf 69' lang='lat' dir='ltr'>corr.</span> <span class='ocrx_word' id='word_1_187' title='bbox 461 1611 492 1644; x_wconf 87' lang='lat' dir='ltr'>We</span> <span class='ocrx_word' id='word_1_188' title='bbox 502 1611 584 1653; x_wconf 87' lang='lat' dir='ltr'>promitur.</span> 
     </span>
     <span class='ocr_line' id='line_1_25' title="bbox 155 1668 490 1710; baseline -0.006 -9"><span class='ocrx_word' id='word_1_189' title='bbox 155 1669 232 1709; x_wconf 81' lang='lat' dir='ltr'>Christus,</span> <span class='ocrx_word' id='word_1_190' title='bbox 241 1669 313 1702; x_wconf 86' lang='lat' dir='ltr'>Christus</span> <span class='ocrx_word' id='word_1_191' title='bbox 321 1680 334 1701; x_wconf 92' lang='lat' dir='ltr'>a.</span> <span class='ocrx_word' id='word_1_192' title='bbox 347 1668 362 1700; x_wconf 89' lang='lat' dir='ltr'>d.</span> <span class='ocrx_word' id='word_1_193' title='bbox 376 1680 398 1710; x_wconf 70' lang='grc' dir='ltr'>γι</span> <span class='ocrx_word' id='word_1_194' title='bbox 410 1679 449 1700; x_wconf 81' lang='lat' dir='ltr'>corr.</span> <span class='ocrx_word' id='word_1_195' title='bbox 463 1668 490 1699; x_wconf 83' lang='lat' dir='ltr'>Pa.</span> 
     </span>
    </p>
   </div>
   <div class='ocr_carea' id='block_1_7' title="bbox 91 1746 475 2625">
    <p class='ocr_par' dir='ltr' id='par_1_7' title="bbox 155 1746 473 2099">
     <span class='ocr_line' id='line_1_26' title="bbox 155 1746 470 1791; baseline -0.006 -11"><span class='ocrx_word' id='word_1_196' title='bbox 155 1758 192 1780; x_wconf 83' lang='lat' dir='ltr'>ever</span> <span class='ocrx_word' id='word_1_197' title='bbox 207 1747 287 1791; x_wconf 86' lang='lat' dir='ltr'>wrestling</span> <span class='ocrx_word' id='word_1_198' title='bbox 302 1746 364 1790; x_wconf 81' lang='lat' dir='ltr'>against</span> <span class='ocrx_word' id='word_1_199' title='bbox 379 1746 406 1779; x_wconf 89' lang='lat' dir='ltr'>the</span> <span class='ocrx_word' id='word_1_200' title='bbox 422 1746 470 1786; x_wconf 77' lang='lat' dir='ltr'>truth,</span> 
     </span>
     <span class='ocr_line' id='line_1_27' title="bbox 155 1791 472 1834; baseline -0.003 -11"><span class='ocrx_word' id='word_1_201' title='bbox 155 1792 196 1823; x_wconf 80' lang='lat' dir='ltr'>have</span> <span class='ocrx_word' id='word_1_202' title='bbox 208 1803 218 1823; x_wconf 83' lang='lat' dir='ltr'>a</span> <span class='ocrx_word' id='word_1_203' title='bbox 230 1793 303 1833; x_wconf 83' lang='lat' dir='ltr'>standing</span> <span class='ocrx_word' id='word_1_204' title='bbox 317 1791 380 1834; x_wconf 76' lang='lat' dir='ltr'>quarrel</span> <span class='ocrx_word' id='word_1_205' title='bbox 392 1791 431 1822; x_wconf 88' lang='lat' dir='ltr'>with</span> <span class='ocrx_word' id='word_1_206' title='bbox 445 1791 472 1822; x_wconf 87' lang='lat' dir='ltr'>the</span> 
     </span>
     <span class='ocr_line' id='line_1_28' title="bbox 156 1833 472 1878; baseline -0.003 -12"><span class='ocrx_word' id='word_1_207' title='bbox 156 1846 194 1878; x_wconf 89' lang='lat' dir='ltr'>pure</span> <span class='ocrx_word' id='word_1_208' title='bbox 211 1835 286 1866; x_wconf 84' lang='lat' dir='ltr'>tradition</span> <span class='ocrx_word' id='word_1_209' title='bbox 304 1834 335 1866; x_wconf 82' lang='lat' dir='ltr'>and</span> <span class='ocrx_word' id='word_1_210' title='bbox 354 1834 380 1865; x_wconf 85' lang='lat' dir='ltr'>the</span> <span class='ocrx_word' id='word_1_211' title='bbox 398 1833 472 1865; x_wconf 83' lang='lat' dir='ltr'>Catholic</span> 
     </span>
     <span class='ocr_line' id='line_1_29' title="bbox 155 1877 471 1920; baseline -0.003 -10"><span class='ocrx_word' id='word_1_212' title='bbox 155 1879 200 1919; x_wconf 81' lang='lat' dir='ltr'>saith,</span> <span class='ocrx_word' id='word_1_213' title='bbox 207 1879 280 1911; x_wconf 82' lang='lat' dir='ltr'>offended</span> <span class='ocrx_word' id='word_1_214' title='bbox 286 1890 302 1910; x_wconf 82' lang='lat' dir='ltr'>as</span> <span class='ocrx_word' id='word_1_215' title='bbox 308 1879 346 1920; x_wconf 86' lang='lat' dir='ltr'>they</span> <span class='ocrx_word' id='word_1_216' title='bbox 351 1889 377 1910; x_wconf 84' lang='lat' dir='ltr'>are</span> <span class='ocrx_word' id='word_1_217' title='bbox 385 1884 400 1909; x_wconf 82' lang='lat' dir='ltr'>at</span> <span class='ocrx_word' id='word_1_218' title='bbox 407 1877 471 1910; x_wconf 83' lang='lat' dir='ltr'>Christ.’</span> 
     </span>
     <span class='ocr_line' id='line_1_30' title="bbox 156 1922 471 1966; baseline -0.006 -10"><span class='ocrx_word' id='word_1_219' title='bbox 156 1924 188 1956; x_wconf 88' lang='lat' dir='ltr'>For</span> <span class='ocrx_word' id='word_1_220' title='bbox 198 1924 225 1956; x_wconf 85' lang='lat' dir='ltr'>the</span> <span class='ocrx_word' id='word_1_221' title='bbox 236 1934 272 1966; x_wconf 79' lang='lat' dir='ltr'>gen.</span> <span class='ocrx_word' id='word_1_222' title='bbox 283 1922 368 1965; x_wconf 81' lang='lat' dir='ltr'>(objective</span> <span class='ocrx_word' id='word_1_223' title='bbox 378 1922 395 1954; x_wconf 86' lang='lat' dir='ltr'>in</span> <span class='ocrx_word' id='word_1_224' title='bbox 405 1923 425 1955; x_wconf 87' lang='lat' dir='ltr'>its</span> <span class='ocrx_word' id='word_1_225' title='bbox 436 1922 471 1955; x_wconf 85' lang='lat' dir='ltr'>cha·</span> 
     </span>
     <span class='ocr_line' id='line_1_31' title="bbox 156 1966 470 2011; baseline -0.01 -11"><span class='ocrx_word' id='word_1_226' title='bbox 156 1966 213 2011; x_wconf 82' lang='lat' dir='ltr'>meter)</span> <span class='ocrx_word' id='word_1_227' title='bbox 230 1967 268 2000; x_wconf 88' lang='lat' dir='ltr'>with</span> <span class='ocrx_word' id='word_1_228' title='bbox 287 1966 431 2006; x_wconf 73' lang='lat' dir='ltr'>‘controuersiam&#39;</span> <span class='ocrx_word' id='word_1_229' title='bbox 446 1976 470 2009; x_wconf 90' lang='lat' dir='ltr'>cp.</span> 
     </span>
     <span class='ocr_line' id='line_1_32' title="bbox 156 2011 473 2055; baseline -0.006 -11"><span class='ocrx_word' id='word_1_230' title='bbox 156 2023 172 2055; x_wconf 88' lang='lat' dir='ltr'>p.</span> <span class='ocrx_word' id='word_1_231' title='bbox 179 2022 198 2055; x_wconf 86' lang='lat'>99</span> <span class='ocrx_word' id='word_1_232' title='bbox 206 2013 216 2044; x_wconf 94' lang='lat' dir='ltr'>l.</span> <span class='ocrx_word' id='word_1_233' title='bbox 223 2022 243 2055; x_wconf 76' lang='lat'>²9</span> <span class='ocrx_word' id='word_1_234' title='bbox 250 2011 380 2044; x_wconf 81' lang='lat' dir='ltr'>‘controuersiam</span> <span class='ocrx_word' id='word_1_235' title='bbox 386 2011 473 2043; x_wconf 86' lang='lat' dir='ltr'>diuinitatis</span> 
     </span>
     <span class='ocr_line' id='line_1_33' title="bbox 156 2056 272 2099; baseline 0 -10"><span class='ocrx_word' id='word_1_236' title='bbox 156 2061 172 2089; x_wconf 92' lang='lat' dir='ltr'>et</span> <span class='ocrx_word' id='word_1_237' title='bbox 182 2056 272 2099; x_wconf 64' lang='lat' dir='ltr'>religionis!</span> 
     </span>
    </p>

    <p class='ocr_par' dir='ltr' id='par_1_8' title="bbox 91 2098 473 2265">
     <span class='ocr_line' id='line_1_34' title="bbox 178 2098 473 2143; baseline -0.007 -10"><span class='ocrx_word' id='word_1_238' title='bbox 178 2110 191 2143; x_wconf 81' lang='lat'>5.</span> <span class='ocrx_word' id='word_1_239' title='bbox 209 2101 300 2141; x_wconf 74' lang='lat' dir='ltr'>calumnia]</span> <span class='ocrx_word' id='word_1_240' title='bbox 307 2098 330 2143; x_wconf 78' lang='lat' dir='ltr'>(as</span> <span class='ocrx_word' id='word_1_241' title='bbox 338 2098 395 2141; x_wconf 81' lang='lat' dir='ltr'>below)</span> <span class='ocrx_word' id='word_1_242' title='bbox 402 2104 473 2142; x_wconf 81' lang='lat' dir='ltr'>suggests</span> 
     </span>
     <span class='ocr_line' id='line_1_35' title="bbox 91 2144 473 2188; baseline -0.008 -10"><span class='ocrx_word' id='word_1_243' title='bbox 91 2149 95 2155; x_wconf 74' lang='lat'><strong>¹</strong></span> <span class='ocrx_word' id='word_1_244' title='bbox 157 2146 234 2188; x_wconf 68' lang='lat' dir='ltr'>*captions</span> <span class='ocrx_word' id='word_1_245' title='bbox 239 2144 329 2187; x_wconf 82' lang='lat' dir='ltr'>objection&#39;</span> <span class='ocrx_word' id='word_1_246' title='bbox 337 2144 367 2186; x_wconf 88' lang='lat' dir='ltr'>Cp.</span> <span class='ocrx_word' id='word_1_247' title='bbox 373 2144 391 2176; x_wconf 76' lang='lat' dir='ltr'>de</span> <span class='ocrx_word' id='word_1_248' title='bbox 397 2145 429 2176; x_wconf 83' lang='lat' dir='ltr'>Cib.</span> <span class='ocrx_word' id='word_1_249' title='bbox 436 2144 473 2176; x_wconf 82' lang='lat' dir='ltr'>Iud.</span> 
     </span>
     <span class='ocr_line' id='line_1_36' title="bbox 157 2188 473 2230; baseline -0.006 -9"><span class='ocrx_word' id='word_1_250' title='bbox 157 2190 162 2221; x_wconf 94' lang='lat' dir='ltr'>i</span> <span class='ocrx_word' id='word_1_251' title='bbox 179 2190 303 2222; x_wconf 81' lang='lat' dir='ltr'>‘haereticorum</span> <span class='ocrx_word' id='word_1_252' title='bbox 318 2188 398 2230; x_wconf 80' lang='lat' dir='ltr'>sacrilegis</span> <span class='ocrx_word' id='word_1_253' title='bbox 415 2188 473 2220; x_wconf 82' lang='lat' dir='ltr'>calum-</span> 
     </span>
     <span class='ocr_line' id='line_1_37' title="bbox 156 2233 197 2265; baseline 0 0"><span class='ocrx_word' id='word_1_254' title='bbox 156 2233 197 2265; x_wconf 80' lang='lat' dir='ltr'>nns’</span> 
     </span>
    </p>

    <p class='ocr_par' dir='ltr' id='par_1_9' title="bbox 157 2275 474 2574">
     <span class='ocr_line' id='line_1_38' title="bbox 178 2275 474 2315; baseline -0.007 -6"><span class='ocrx_word' id='word_1_255' title='bbox 178 2277 197 2309; x_wconf 81' lang='lat' dir='ltr'>ib.</span> <span class='ocrx_word' id='word_1_256' title='bbox 221 2279 241 2309; x_wconf 80' lang='lat' dir='ltr'>[te</span> <span class='ocrx_word' id='word_1_257' title='bbox 249 2285 267 2309; x_wconf 86' lang='lat' dir='ltr'>eo</span> <span class='ocrx_word' id='word_1_258' title='bbox 275 2279 320 2315; x_wconf 76' lang='lat' dir='ltr'>quod</span> <span class='ocrx_word' id='word_1_259' title='bbox 327 2275 365 2315; x_wconf 85' lang='lat' dir='ltr'>cet]</span> <span class='ocrx_word' id='word_1_260' title='bbox 387 2275 474 2308; x_wconf 71' lang='lat' dir='ltr'>‘Wehave</span> 
     </span>
     <span class='ocr_line' id='line_1_39' title="bbox 157 2319 474 2363; baseline -0.009 -10"><span class='ocrx_word' id='word_1_261' title='bbox 157 2326 173 2353; x_wconf 87' lang='lat' dir='ltr'>to</span> <span class='ocrx_word' id='word_1_262' title='bbox 181 2332 229 2363; x_wconf 78' lang='lat' dir='ltr'>argue</span> <span class='ocrx_word' id='word_1_263' title='bbox 237 2321 263 2352; x_wconf 85' lang='lat' dir='ltr'>the</span> <span class='ocrx_word' id='word_1_264' title='bbox 269 2320 301 2352; x_wconf 85' lang='lat' dir='ltr'>fact</span> <span class='ocrx_word' id='word_1_265' title='bbox 311 2320 344 2352; x_wconf 83' lang='lat' dir='ltr'>that</span> <span class='ocrx_word' id='word_1_266' title='bbox 355 2319 408 2351; x_wconf 88' lang='lat' dir='ltr'>Christ</span> <span class='ocrx_word' id='word_1_267' title='bbox 418 2319 431 2351; x_wconf 87' lang='lat' dir='ltr'>is</span> <span class='ocrx_word' id='word_1_268' title='bbox 440 2319 474 2351; x_wconf 83' lang='lat' dir='ltr'>also</span> 
     </span>
     <span class='ocr_line' id='line_1_40' title="bbox 158 2363 473 2407; baseline -0.01 -9"><span class='ocrx_word' id='word_1_269' title='bbox 158 2365 195 2398; x_wconf 85' lang='lat' dir='ltr'>God</span> <span class='ocrx_word' id='word_1_270' title='bbox 202 2366 219 2397; x_wconf 91' lang='lat' dir='ltr'>in</span> <span class='ocrx_word' id='word_1_271' title='bbox 226 2365 264 2397; x_wconf 85' lang='lat' dir='ltr'>such</span> <span class='ocrx_word' id='word_1_272' title='bbox 274 2376 328 2407; x_wconf 80' lang='lat' dir='ltr'>away</span> <span class='ocrx_word' id='word_1_273' title='bbox 338 2374 354 2396; x_wconf 82' lang='lat' dir='ltr'>as</span> <span class='ocrx_word' id='word_1_274' title='bbox 364 2368 392 2396; x_wconf 86' lang='lat' dir='ltr'>not</span> <span class='ocrx_word' id='word_1_275' title='bbox 402 2369 419 2396; x_wconf 91' lang='lat' dir='ltr'>to</span> <span class='ocrx_word' id='word_1_276' title='bbox 426 2363 473 2396; x_wconf 84' lang='lat' dir='ltr'>inter·</span> 
     </span>
     <span class='ocr_line' id='line_1_41' title="bbox 157 2407 474 2451; baseline -0.006 -9"><span class='ocrx_word' id='word_1_277' title='bbox 157 2410 189 2442; x_wconf 81' lang='lat' dir='ltr'>fere</span> <span class='ocrx_word' id='word_1_278' title='bbox 196 2410 235 2442; x_wconf 86' lang='lat' dir='ltr'>with</span> <span class='ocrx_word' id='word_1_279' title='bbox 242 2409 269 2442; x_wconf 89' lang='lat' dir='ltr'>the</span> <span class='ocrx_word' id='word_1_280' title='bbox 279 2409 321 2441; x_wconf 88' lang='lat' dir='ltr'>truth</span> <span class='ocrx_word' id='word_1_281' title='bbox 331 2409 349 2440; x_wconf 85' lang='lat' dir='ltr'>of</span> <span class='ocrx_word' id='word_1_282' title='bbox 358 2407 438 2451; x_wconf 85' lang='lat' dir='ltr'>Scriptnre</span> <span class='ocrx_word' id='word_1_283' title='bbox 445 2419 474 2440; x_wconf 89' lang='lat' dir='ltr'>nor</span> 
     </span>
     <span class='ocr_line' id='line_1_42' title="bbox 158 2452 474 2496; baseline -0.006 -10"><span class='ocrx_word' id='word_1_284' title='bbox 158 2460 184 2496; x_wconf 85' lang='lat' dir='ltr'>yet</span> <span class='ocrx_word' id='word_1_285' title='bbox 195 2454 233 2486; x_wconf 82' lang='lat' dir='ltr'>with</span> <span class='ocrx_word' id='word_1_286' title='bbox 243 2465 272 2485; x_wconf 87' lang='lat' dir='ltr'>our</span> <span class='ocrx_word' id='word_1_287' title='bbox 283 2452 344 2486; x_wconf 78' lang='lat' dir='ltr'>Creed’</span> <span class='ocrx_word' id='word_1_288' title='bbox 366 2454 474 2485; x_wconf 71' lang='lat' dir='ltr'>Sic..,ut&#39;non</span> 
     </span>
     <span class='ocr_line' id='line_1_43' title="bbox 158 2496 474 2540; baseline -0.006 -10"><span class='ocrx_word' id='word_1_289' title='bbox 158 2497 207 2540; x_wconf 85' lang='lat' dir='ltr'>really</span> <span class='ocrx_word' id='word_1_290' title='bbox 219 2497 261 2540; x_wconf 83' lang='lat' dir='ltr'>gives</span> <span class='ocrx_word' id='word_1_291' title='bbox 274 2497 301 2530; x_wconf 91' lang='lat' dir='ltr'>the</span> <span class='ocrx_word' id='word_1_292' title='bbox 315 2497 345 2540; x_wconf 88' lang='lat' dir='ltr'>gist</span> <span class='ocrx_word' id='word_1_293' title='bbox 359 2497 377 2529; x_wconf 85' lang='lat' dir='ltr'>of</span> <span class='ocrx_word' id='word_1_294' title='bbox 389 2496 416 2529; x_wconf 89' lang='lat' dir='ltr'>the</span> <span class='ocrx_word' id='word_1_295' title='bbox 430 2507 474 2539; x_wconf 82' lang='lat' dir='ltr'>argn-</span> 
     </span>
     <span class='ocr_line' id='line_1_44' title="bbox 158 2547 206 2574; baseline 0.021 -1"><span class='ocrx_word' id='word_1_296' title='bbox 158 2547 206 2574; x_wconf 87' lang='lat' dir='ltr'>ruent.</span> 
     </span>
    </p>

    <p class='ocr_par' dir='ltr' id='par_1_10' title="bbox 180 2583 475 2625">
     <span class='ocr_line' id='line_1_45' title="bbox 180 2583 475 2625; baseline -0.01 -6"><span class='ocrx_word' id='word_1_297' title='bbox 180 2587 194 2619; x_wconf 92' lang='lat'>8.</span> <span class='ocrx_word' id='word_1_298' title='bbox 216 2585 306 2625; x_wconf 72' lang='lat' dir='ltr'>promitur]</span> <span class='ocrx_word' id='word_1_299' title='bbox 317 2584 339 2616; x_wconf 90' lang='lat' dir='ltr'>‘is</span> <span class='ocrx_word' id='word_1_300' title='bbox 347 2583 428 2625; x_wconf 80' lang='lat' dir='ltr'>asserted,&#39;</span> <span class='ocrx_word' id='word_1_301' title='bbox 434 2595 451 2616; x_wconf 82' lang='lat' dir='ltr'>as</span> <span class='ocrx_word' id='word_1_302' title='bbox 459 2583 475 2616; x_wconf 93' lang='lat' dir='ltr'>in</span> 
     </span>
    </p>
   </div>
   <div class='ocr_carea' id='block_1_8' title="bbox 680 1612 823 1647">
    <p class='ocr_par' dir='ltr' id='par_1_11' title="bbox 680 1612 823 1647">
     <span class='ocr_line' id='line_1_46' title="bbox 680 1612 823 1647; baseline 0.007 -2"><span class='ocrx_word' id='word_1_303' title='bbox 680 1614 698 1646; x_wconf 89' lang='lat'>18</span> <span class='ocrx_word' id='word_1_304' title='bbox 709 1612 722 1645; x_wconf 91' lang='lat' dir='ltr'>si</span> <span class='ocrx_word' id='word_1_305' title='bbox 733 1623 773 1646; x_wconf 88' lang='lat' dir='ltr'>unus</span> <span class='ocrx_word' id='word_1_306' title='bbox 783 1612 823 1647; x_wconf 89' lang='lat' dir='ltr'>deus</span> 
     </span>
    </p>
   </div>
   <div class='ocr_carea' id='block_1_9' title="bbox 504 1745 866 2616">
    <p class='ocr_par' dir='ltr' id='par_1_12' title="bbox 504 1745 851 2009">
     <span class='ocr_line' id='line_1_47' title="bbox 504 1745 823 1789; baseline 0.003 -11"><span class='ocrx_word' id='word_1_307' title='bbox 504 1746 546 1786; x_wconf 78' lang='lat' dir='ltr'>xxiii,</span> <span class='ocrx_word' id='word_1_308' title='bbox 554 1756 568 1788; x_wconf 88' lang='lat' dir='ltr'>p.</span> <span class='ocrx_word' id='word_1_309' title='bbox 575 1747 599 1788; x_wconf 81' lang='lat'>84.</span> <span class='ocrx_word' id='word_1_310' title='bbox 605 1745 659 1789; x_wconf 75' lang='lat' dir='ltr'>o‘ausi</span> <span class='ocrx_word' id='word_1_311' title='bbox 665 1746 696 1779; x_wconf 90' lang='lat' dir='ltr'>sint</span> <span class='ocrx_word' id='word_1_312' title='bbox 701 1757 733 1779; x_wconf 89' lang='lat' dir='ltr'>non</span> <span class='ocrx_word' id='word_1_313' title='bbox 738 1746 788 1779; x_wconf 87' lang='lat' dir='ltr'>filium</span> <span class='ocrx_word' id='word_1_314' title='bbox 794 1746 823 1779; x_wconf 90' lang='lat' dir='ltr'>sed</span> 
     </span>
     <span class='ocr_line' id='line_1_48' title="bbox 504 1790 822 1832; baseline 0.003 -11"><span class='ocrx_word' id='word_1_315' title='bbox 504 1790 556 1832; x_wconf 91' lang='lat' dir='ltr'>ipsum</span> <span class='ocrx_word' id='word_1_316' title='bbox 570 1791 618 1821; x_wconf 88' lang='lat' dir='ltr'>deum</span> <span class='ocrx_word' id='word_1_317' title='bbox 633 1795 694 1832; x_wconf 89' lang='lat' dir='ltr'>patrem</span> <span class='ocrx_word' id='word_1_318' title='bbox 710 1801 782 1832; x_wconf 86' lang='lat' dir='ltr'>promere</span> <span class='ocrx_word' id='word_1_319' title='bbox 796 1792 822 1822; x_wconf 85' lang='lat' dir='ltr'>uel</span> 
     </span>
     <span class='ocr_line' id='line_1_49' title="bbox 504 1833 851 1877; baseline 0.003 -12"><span class='ocrx_word' id='word_1_320' title='bbox 504 1834 572 1876; x_wconf 85' lang='lat' dir='ltr'>putare,&#39;</span> <span class='ocrx_word' id='word_1_321' title='bbox 585 1834 617 1865; x_wconf 82' lang='lat' dir='ltr'>and</span> <span class='ocrx_word' id='word_1_322' title='bbox 628 1833 670 1871; x_wconf 82' lang='lat' dir='ltr'>xxvi,</span> <span class='ocrx_word' id='word_1_323' title='bbox 682 1845 697 1876; x_wconf 85' lang='lat' dir='ltr'>p.</span> <span class='ocrx_word' id='word_1_324' title='bbox 712 1844 738 1877; x_wconf 75' lang='lat'>94.</span> <span class='ocrx_word' id='word_1_325' title='bbox 750 1833 765 1865; x_wconf 89' lang='lat'>6.</span> <span class='ocrx_word' id='word_1_326' title='bbox 786 1834 823 1866; x_wconf 90' lang='lat' dir='ltr'>The</span> <span class='ocrx_word' id='word_1_327' title='bbox 849 1853 851 1855; x_wconf 61' lang='lat'>&gt;</span> 
     </span>
     <span class='ocr_line' id='line_1_50' title="bbox 504 1877 822 1920; baseline 0.003 -11"><span class='ocrx_word' id='word_1_328' title='bbox 504 1878 570 1919; x_wconf 85' lang='lat' dir='ltr'>reading</span> <span class='ocrx_word' id='word_1_329' title='bbox 577 1877 688 1919; x_wconf 84' lang='lat' dir='ltr'>‘promittitur&#39;</span> <span class='ocrx_word' id='word_1_330' title='bbox 696 1878 743 1909; x_wconf 85' lang='lat' dir='ltr'>could</span> <span class='ocrx_word' id='word_1_331' title='bbox 754 1877 791 1920; x_wconf 88' lang='lat' dir='ltr'>only</span> <span class='ocrx_word' id='word_1_332' title='bbox 801 1879 822 1910; x_wconf 88' lang='lat' dir='ltr'>be</span> 
     </span>
     <span class='ocr_line' id='line_1_51' title="bbox 505 1921 822 1964; baseline 0 -10"><span class='ocrx_word' id='word_1_333' title='bbox 505 1922 582 1955; x_wconf 87' lang='lat' dir='ltr'>rendered</span> <span class='ocrx_word' id='word_1_334' title='bbox 588 1921 608 1954; x_wconf 79' lang='lat' dir='ltr'>‘is</span> <span class='ocrx_word' id='word_1_335' title='bbox 614 1921 712 1964; x_wconf 78' lang='lat' dir='ltr'>professed’3</span> <span class='ocrx_word' id='word_1_336' title='bbox 720 1922 740 1954; x_wconf 83' lang='lat' dir='ltr'>ci.</span> <span class='ocrx_word' id='word_1_337' title='bbox 749 1932 754 1954; x_wconf 94' lang='lat'>1</span> <span class='ocrx_word' id='word_1_338' title='bbox 762 1922 804 1955; x_wconf 91' lang='lat' dir='ltr'>Tim.</span> <span class='ocrx_word' id='word_1_339' title='bbox 811 1921 822 1955; x_wconf 84' lang='lat' dir='ltr'>ii</span> 
     </span>
     <span class='ocr_line' id='line_1_52' title="bbox 506 1965 742 2009; baseline 0 -11"><span class='ocrx_word' id='word_1_340' title='bbox 506 1975 525 1999; x_wconf 92' lang='lat'>10</span> <span class='ocrx_word' id='word_1_341' title='bbox 531 1965 649 2009; x_wconf 81' lang='lat' dir='ltr'>‘promittentes</span> <span class='ocrx_word' id='word_1_342' title='bbox 657 1965 742 2009; x_wconf 67' lang='lat' dir='ltr'>pietatem.¹</span> 
     </span>
    </p>

    <p class='ocr_par' dir='ltr' id='par_1_13' title="bbox 505 2010 866 2351">
     <span class='ocr_line' id='line_1_53' title="bbox 527 2010 822 2052; baseline -0.003 -9"><span class='ocrx_word' id='word_1_343' title='bbox 527 2019 550 2052; x_wconf 87' lang='lat'>15.</span> <span class='ocrx_word' id='word_1_344' title='bbox 574 2010 615 2042; x_wconf 85' lang='lat' dir='ltr'>‘For</span> <span class='ocrx_word' id='word_1_345' title='bbox 626 2010 663 2052; x_wconf 88' lang='lat' dir='ltr'>they</span> <span class='ocrx_word' id='word_1_346' title='bbox 673 2021 700 2042; x_wconf 84' lang='lat' dir='ltr'>are</span> <span class='ocrx_word' id='word_1_347' title='bbox 712 2015 755 2043; x_wconf 91' lang='lat' dir='ltr'>wont</span> <span class='ocrx_word' id='word_1_348' title='bbox 767 2014 784 2042; x_wconf 92' lang='lat' dir='ltr'>to</span> <span class='ocrx_word' id='word_1_349' title='bbox 795 2021 822 2042; x_wconf 91' lang='lat' dir='ltr'>en-</span> 
     </span>
     <span class='ocr_line' id='line_1_54' title="bbox 505 2054 824 2097; baseline 0 -10"><span class='ocrx_word' id='word_1_350' title='bbox 505 2054 574 2087; x_wconf 87' lang='lat' dir='ltr'>deavour</span> <span class='ocrx_word' id='word_1_351' title='bbox 579 2058 595 2087; x_wconf 95' lang='lat' dir='ltr'>to</span> <span class='ocrx_word' id='word_1_352' title='bbox 601 2054 701 2087; x_wconf 85' lang='lat' dir='ltr'>reeonnnend</span> <span class='ocrx_word' id='word_1_353' title='bbox 707 2054 748 2087; x_wconf 91' lang='lat' dir='ltr'>their</span> <span class='ocrx_word' id='word_1_354' title='bbox 753 2054 824 2097; x_wconf 86' lang='lat' dir='ltr'>peculiar</span> 
     </span>
     <span class='ocr_line' id='line_1_55' title="bbox 505 2099 822 2142; baseline 0.003 -11"><span class='ocrx_word' id='word_1_355' title='bbox 505 2109 547 2131; x_wconf 85' lang='lat' dir='ltr'>error</span> <span class='ocrx_word' id='word_1_356' title='bbox 557 2099 578 2142; x_wconf 90' lang='lat' dir='ltr'>hy</span> <span class='ocrx_word' id='word_1_357' title='bbox 589 2099 668 2141; x_wconf 81' lang='lat' dir='ltr'>throning</span> <span class='ocrx_word' id='word_1_358' title='bbox 677 2099 717 2131; x_wconf 88' lang='lat' dir='ltr'>their</span> <span class='ocrx_word' id='word_1_359' title='bbox 724 2099 763 2132; x_wconf 79' lang='lat' dir='ltr'>false</span> <span class='ocrx_word' id='word_1_360' title='bbox 770 2099 822 2142; x_wconf 88' lang='lat' dir='ltr'>objec-</span> 
     </span>
     <span class='ocr_line' id='line_1_56' title="bbox 506 2143 823 2186; baseline 0 -11"><span class='ocrx_word' id='word_1_361' title='bbox 506 2143 547 2176; x_wconf 90' lang='lat' dir='ltr'>tions</span> <span class='ocrx_word' id='word_1_362' title='bbox 552 2143 585 2175; x_wconf 87' lang='lat' dir='ltr'>into</span> <span class='ocrx_word' id='word_1_363' title='bbox 591 2143 618 2175; x_wconf 87' lang='lat' dir='ltr'>tlre</span> <span class='ocrx_word' id='word_1_364' title='bbox 624 2143 705 2185; x_wconf 81' lang='lat' dir='ltr'>following</span> <span class='ocrx_word' id='word_1_365' title='bbox 709 2143 766 2186; x_wconf 81' lang='lat' dir='ltr'>logical</span> <span class='ocrx_word' id='word_1_366' title='bbox 771 2143 823 2176; x_wconf 82' lang='lat' dir='ltr'>form.&#39;</span> 
     </span>
     <span class='ocr_line' id='line_1_57' title="bbox 508 2187 824 2229; baseline 0 -10"><span class='ocrx_word' id='word_1_367' title='bbox 508 2187 824 2229; x_wconf 66' lang='lat' dir='ltr'>Colligererefer-stothesyllogisricform</span> 
     </span>
     <span class='ocr_line' id='line_1_58' title="bbox 507 2230 824 2271; baseline 0.003 -9"><span class='ocrx_word' id='word_1_368' title='bbox 507 2231 524 2263; x_wconf 87' lang='lat' dir='ltr'>oi</span> <span class='ocrx_word' id='word_1_369' title='bbox 535 2232 562 2263; x_wconf 86' lang='lat' dir='ltr'>the</span> <span class='ocrx_word' id='word_1_370' title='bbox 572 2230 657 2271; x_wconf 81' lang='lat' dir='ltr'>objection,</span> <span class='ocrx_word' id='word_1_371' title='bbox 668 2241 685 2262; x_wconf 81' lang='lat' dir='ltr'>as</span> <span class='ocrx_word' id='word_1_372' title='bbox 698 2235 721 2263; x_wconf 88' lang='lat' dir='ltr'>set</span> <span class='ocrx_word' id='word_1_373' title='bbox 732 2236 759 2263; x_wconf 93' lang='lat' dir='ltr'>out</span> <span class='ocrx_word' id='word_1_374' title='bbox 769 2230 786 2263; x_wconf 91' lang='lat' dir='ltr'>in</span> <span class='ocrx_word' id='word_1_375' title='bbox 796 2231 824 2264; x_wconf 84' lang='lat' dir='ltr'>the</span> 
     </span>
     <span class='ocr_line' id='line_1_59' title="bbox 507 2274 866 2317; baseline -0.003 -9"><span class='ocrx_word' id='word_1_376' title='bbox 507 2280 588 2308; x_wconf 86' lang='lat' dir='ltr'>sentences</span> <span class='ocrx_word' id='word_1_377' title='bbox 593 2274 681 2317; x_wconf 77' lang='lat' dir='ltr'>following.</span> <span class='ocrx_word' id='word_1_378' title='bbox 696 2274 725 2317; x_wconf 85' lang='lat' dir='ltr'>Cp.</span> <span class='ocrx_word' id='word_1_379' title='bbox 732 2285 768 2315; x_wconf 84' lang='lat' dir='ltr'>rrv,</span> <span class='ocrx_word' id='word_1_380' title='bbox 774 2284 791 2316; x_wconf 82' lang='lat' dir='ltr'>p.</span> <span class='ocrx_word' id='word_1_381' title='bbox 797 2284 823 2317; x_wconf 77' lang='lat'>93.</span> <span class='ocrx_word' id='word_1_382' title='bbox 864 2282 866 2284; x_wconf 85' lang='lat'>·</span> 
     </span>
     <span class='ocr_line' id='line_1_60' title="bbox 509 2329 771 2351; baseline -0.004 0"><span class='ocrx_word' id='word_1_383' title='bbox 509 2329 532 2351; x_wconf 88' lang='lat' dir='ltr'>rr.</span> <span class='ocrx_word' id='word_1_384' title='bbox 769 2330 771 2333; x_wconf 62' lang='lat'><strong><em>¹</em></strong></span> 
     </span>
    </p>

    <p class='ocr_par' dir='ltr' id='par_1_14' title="bbox 506 2361 825 2451">
     <span class='ocr_line' id='line_1_61' title="bbox 529 2361 825 2405; baseline 0 -9"><span class='ocrx_word' id='word_1_385' title='bbox 529 2365 552 2396; x_wconf 86' lang='lat'>18.</span> <span class='ocrx_word' id='word_1_386' title='bbox 575 2363 590 2394; x_wconf 87' lang='lat' dir='ltr'>st</span> <span class='ocrx_word' id='word_1_387' title='bbox 610 2370 654 2394; x_wconf 85' lang='lat' dir='ltr'>uuus</span> <span class='ocrx_word' id='word_1_388' title='bbox 666 2362 699 2405; x_wconf 83' lang='lat' dir='ltr'>sq.]</span> <span class='ocrx_word' id='word_1_389' title='bbox 720 2361 759 2395; x_wconf 78' lang='lat' dir='ltr'>This</span> <span class='ocrx_word' id='word_1_390' title='bbox 771 2361 785 2395; x_wconf 91' lang='lat' dir='ltr'>is</span> <span class='ocrx_word' id='word_1_391' title='bbox 797 2362 825 2396; x_wconf 86' lang='lat' dir='ltr'>the</span> 
     </span>
     <span class='ocr_line' id='line_1_62' title="bbox 506 2406 771 2451; baseline 0 -12"><span class='ocrx_word' id='word_1_392' title='bbox 506 2411 588 2451; x_wconf 82' lang='lat' dir='ltr'>argument</span> <span class='ocrx_word' id='word_1_393' title='bbox 596 2407 613 2439; x_wconf 86' lang='lat' dir='ltr'>ol</span> <span class='ocrx_word' id='word_1_394' title='bbox 618 2407 645 2439; x_wconf 88' lang='lat' dir='ltr'>the</span> <span class='ocrx_word' id='word_1_395' title='bbox 653 2406 771 2450; x_wconf 80' lang='lat' dir='ltr'>Patripassians.</span> 
     </span>
    </p>

    <p class='ocr_par' dir='ltr' id='par_1_15' title="bbox 507 2450 824 2616">
     <span class='ocr_line' id='line_1_63' title="bbox 530 2450 824 2494; baseline 0.003 -11"><span class='ocrx_word' id='word_1_396' title='bbox 530 2463 553 2494; x_wconf 82' lang='lat'>19.</span> <span class='ocrx_word' id='word_1_397' title='bbox 574 2453 629 2483; x_wconf 85' lang='lat' dir='ltr'>sinon</span> <span class='ocrx_word' id='word_1_398' title='bbox 636 2454 686 2489; x_wconf 76' lang='lat' dir='ltr'>parer</span> <span class='ocrx_word' id='word_1_399' title='bbox 693 2452 724 2493; x_wconf 87' lang='lat' dir='ltr'>sq.]</span> <span class='ocrx_word' id='word_1_400' title='bbox 737 2451 762 2492; x_wconf 76' lang='lat' dir='ltr'>‘It</span> <span class='ocrx_word' id='word_1_401' title='bbox 771 2450 824 2484; x_wconf 88' lang='lat' dir='ltr'>Christ</span> 
     </span>
     <span class='ocr_line' id='line_1_64' title="bbox 507 2493 823 2536; baseline 0 -8"><span class='ocrx_word' id='word_1_402' title='bbox 507 2496 521 2528; x_wconf 91' lang='lat' dir='ltr'>is</span> <span class='ocrx_word' id='word_1_403' title='bbox 531 2500 559 2528; x_wconf 88' lang='lat' dir='ltr'>not</span> <span class='ocrx_word' id='word_1_404' title='bbox 570 2495 597 2527; x_wconf 88' lang='lat' dir='ltr'>the</span> <span class='ocrx_word' id='word_1_405' title='bbox 608 2495 672 2534; x_wconf 81' lang='lat' dir='ltr'>Father,</span> <span class='ocrx_word' id='word_1_406' title='bbox 682 2494 726 2535; x_wconf 79' lang='lat' dir='ltr'>then,</span> <span class='ocrx_word' id='word_1_407' title='bbox 736 2505 753 2527; x_wconf 84' lang='lat' dir='ltr'>as</span> <span class='ocrx_word' id='word_1_408' title='bbox 764 2493 823 2536; x_wconf 89' lang='lat' dir='ltr'>Christ,</span> 
     </span>
     <span class='ocr_line' id='line_1_65' title="bbox 508 2539 823 2582; baseline -0.006 -10"><span class='ocrx_word' id='word_1_409' title='bbox 508 2541 536 2572; x_wconf 88' lang='lat' dir='ltr'>the&#39;</span> <span class='ocrx_word' id='word_1_410' title='bbox 541 2540 579 2579; x_wconf 84' lang='lat' dir='ltr'>Son,</span> <span class='ocrx_word' id='word_1_411' title='bbox 586 2540 600 2571; x_wconf 90' lang='lat' dir='ltr'>is</span> <span class='ocrx_word' id='word_1_412' title='bbox 606 2540 642 2572; x_wconf 87' lang='lat' dir='ltr'>God</span> <span class='ocrx_word' id='word_1_413' title='bbox 648 2540 687 2577; x_wconf 84' lang='lat' dir='ltr'>also,</span> <span class='ocrx_word' id='word_1_414' title='bbox 693 2539 706 2571; x_wconf 78' lang='lat' dir='ltr'>ir</span> <span class='ocrx_word' id='word_1_415' title='bbox 711 2544 753 2571; x_wconf 88' lang='lat' dir='ltr'>must</span> <span class='ocrx_word' id='word_1_416' title='bbox 757 2540 823 2582; x_wconf 82' lang='lat' dir='ltr'>appear’</span> 
     </span>
     <span class='ocr_line' id='line_1_66' title="bbox 509 2588 715 2616; baseline 0 0"><span class='ocrx_word' id='word_1_417' title='bbox 509 2588 538 2616; x_wconf 91' lang='lat' dir='ltr'>etc.</span> <span class='ocrx_word' id='word_1_418' title='bbox 714 2594 715 2597; x_wconf 73' lang='grc'>’</span> 
     </span>
    </p>
   </div>
   <div class='ocr_carea' id='block_1_10' title="bbox 0 0 887 2903">
    <p class='ocr_par' dir='ltr' id='par_1_16' title="bbox 0 0 887 2903">
     <span class='ocr_line' id='line_1_67' title="bbox 0 0 887 2903; baseline 0 0"><span class='ocrx_word' id='word_1_419' title='bbox 0 0 887 2903; x_wconf 95' lang='lat' dir='ltr'> </span> 
     </span>
    </p>
   </div>
  </div>
 </body>
</html>
