1746 2903
81 138 140 179 xxm
242 124 315 172 *oa
332 138 466 172 carosiana
479 137 553 170 nisan
724 125 747 168 ὃν
800 144 802 147 ·

82 231 174 284 legimus,
189 231 225 273 nisi
239 232 329 285 quoniam
343 231 374 272 hic
388 231 500 285 praecipuus
515 238 572 283 atque
587 243 689 283 generosus
705 246 752 285 prae

83 298 171 340 omnibus
184 298 215 340 dei
228 299 282 351 filius,
293 299 373 342 uerbum
387 298 423 351 dei,
437 298 520 340 imitator
532 297 617 340 omniurn
628 306 750 351 paternorum

82 380 167 419 operum,
177 368 224 407 dum
234 374 253 408 et
262 368 302 420 ipse
311 374 399 419 operatur
408 367 457 407 sicut
469 373 488 406 et
496 372 549 418 pater
561 366 607 416 eius,
619 366 639 406 in
651 368 711 406 forma
722 367 752 420 (ut

82 434 216 486 expressimus)
231 442 259 475 est
272 435 303 475 dei
316 434 378 487 patris.
407 441 425 474 et
436 432 503 474 merito
514 432 534 472 in
547 434 608 473 sonna
619 432 752 484 pronuntiatus

83 508 111 541 est
120 501 156 550 dei,
167 501 242 541 dumet
254 501 295 553 ipse
308 500 442 553 superomnia,
456 508 475 542 et
486 498 547 540 omnis
560 507 655 541 creaturae
666 498 751 541 diuinam
761 517 771 557 5

83 565 171 606 obtinens
185 573 304 617 potestatem,
318 574 337 607 et
351 568 398 607 deus
413 573 442 607 est
455 566 542 616 exemplo
555 564 612 617 patris
618 579 624 615 3
637 566 674 605 hoc
689 565 751 618 ipsum

82 638 147 672 tamen
159 646 171 672 a
183 639 235 683 patre
247 633 323 686 proprio
332 639 450 683 consecutus,
461 639 482 673 ut
491 630 576 672 omniurn
583 638 602 672 et
611 633 658 672 deus
668 639 722 682 esset,
732 640 752 674 et

84 697 174 739 dominus
187 706 241 749 esset,
252 707 271 740 et
284 701 331 740 deus
345 701 370 740 ad
383 701 463 740 tonnam
476 698 507 739 dei
520 698 577 751 patris
589 713 612 739 ex
623 698 665 751 ipso
677 699 751 752 genitus

84 771 141 817 atque
152 767 240 818 prolatus.
268 766 299 807 hic
313 779 356 818 ergo
370 766 457 819 quamuis
471 771 514 806 essa
525 767 544 806 io
552 767 618 818 forino
631 767 664 816 dei',
678 781 713 807 aon
727 774 753 808 est

83 834 170 883 rapinam
184 836 287 873 arbitratus
300 836 392 885 aequalem
403 849 420 875 se
428 836 459 875 deo
471 848 510 875 csse.
540 834 627 886 quamuis
639 833 690 874 enini
699 848 719 875 se
728 849 752 876 ex
762 852 787 877 ro

83 897 120 937 deo
133 905 186 949 patre
200 900 257 939 deum
271 913 313 940 esse
325 899 448 948 meminisset,
458 912 563 951 numquam
577 912 597 939 se
610 900 647 939 deo
659 898 707 950 patri
719 907 753 940 aut

82 966 200 1017 comparauit
213 974 246 1007 aut
258 967 344 1015 contulit,
356 981 430 1007 memor
443 981 464 1008 se
477 979 519 1007 esse
531 980 554 1006 ex
565 980 600 1006 suo
611 973 669 1019 patre,
683 973 702 1007 et
713 968 755 1007 hoc.

83 1030 151 1084 ipsum,
162 1035 214 1085 quod
223 1042 256 1083 est,
267 1036 337 1075 hahere
346 1048 371 1083 se,
382 1033 426 1086 quia
435 1041 487 1085 pater
499 1033 587 1074 dedisset.
614 1033 659 1073 inde
669 1033 755 1086 denique·

82 1106 101 1140 et
113 1108 156 1141 ante
170 1100 231 1141 carnis
244 1100 399 1153 assumptionem,
413 1101 447 1141 sed
461 1106 479 1141 et
492 1106 536 1151 post
549 1099 697 1152 assumptionem
711 1114 752 1141 cos

81 1165 137 1215 poris,
154 1173 197 1217 post
212 1161 273 1217 ipsam
288 1173 384 1218 praeterea
399 1166 559 1212 resurrectionem,
575 1177 651 1205 ornnem
668 1165 716 1216 patri
730 1166 749 1206 in
761 1178 786 1219 15'

82 1230 170 1271 omnibus
179 1232 235 1271 rebus
245 1232 387 1273 oboedientiam
398 1230 490 1283 praestitit
500 1231 569 1283 pariter
579 1244 601 1271 ac
613 1238 699 1283 praestat.
727 1246 750 1273 ex

82 1309 120 1348 quo
132 1297 222 1348 probatur
234 1313 339 1351 numquam
351 1298 462 1339 arbitratum
474 1297 527 1337 illurn
540 1311 581 1338 esse
594 1296 679 1351 rapinam
692 1312 751 1351 quan-

82 1363 127 1401 dam
136 1363 261 1412 diuinitatem,
271 1373 293 1405 ut
304 1372 393 1417 aequaret
406 1378 426 1404 se
436 1363 485 1417 patri
494 1365 539 1405 deo:
555 1363 601 1416 quin
609 1364 669 1404 immo
678 1373 749 1417 contra,

81 1427 134 1468 omni
149 1428 208 1481 ipsius
224 1429 303 1484 imperio
318 1438 337 1472 et
352 1430 446 1472 uoluntati
459 1429 564 1471 oboediens
577 1437 634 1483 atque
647 1432 749 1484 subiectus,

103 1548 117 1569 a.
135 1540 220 1581 imitator]
233 1541 277 1584 John
283 1553 293 1574 v
300 1553 318 1586 19
323 1542 355 1574 loll.
368 1542 398 1586 cp.
432 1542 508 1576 assertion
515 1542 533 1574 of
538 1542 565 1575 the
572 1542 691 1576 subordination
699 1545 717 1577 of
722 1546 749 1578 the

81 1581 105 1614 eh.
115 1583 147 1622 xxi,
156 1595 172 1626 p.
181 1583 201 1625 76
208 1585 252 1628 l.'17.
433 1588 474 1620 Son:
488 1587 527 1618 ‘and
537 1587 571 1618 that
581 1587 608 1619 He
615 1588 644 1619 has
650 1589 693 1621 what
701 1589 728 1622 He
735 1590 749 1623 is

102 1639 117 1667 4.
136 1628 399 1673 ‘AndoccupyingDivinepower
432 1631 518 1674 simplyby
525 1631 552 1664 the
559 1631 631 1663 Father's
638 1630 677 1673 gisa’
696 1644 710 1665 o.
721 1633 748 1666 In-

81 1679 119 1720 over
135 1681 181 1713 every
196 1678 269 1714 creature,
286 1674 299 1707 is
313 1675 347 1707 also
362 1674 398 1707 God
432 1676 489 1714 trod.§
501 1685 515 1717 3.

81 1713 114 1745 like
128 1715 160 1747 His
174 1716 238 1757 Father,
253 1719 312 1762 having
326 1720 399 1751 however
453 1720 476 1753 16.
500 1728 521 1750 ex
531 1720 693 1763 quoproaaaursqa
706 1722 748 1754 ‘that

81 1758 153 1791 received
160 1760 190 1792 this
198 1760 272 1803 [honour]
279 1763 320 1795 from
325 1763 356 1795 His
362 1773 398 1796 own
431 1764 458 1796 He
468 1773 516 1796 never
526 1763 602 1805 regarded
612 1763 643 1796 His
651 1764 723 1807 Divinity
730 1776 748 1799 as

81 1802 140 1835 Father
147 1804 181 1836 that
189 1805 216 1837 He
223 1806 279 1838 should
288 1808 308 1839 bc
314 1807 354 1839 both
361 1807 398 1840 God
431 1818 440 1839 a
447 1808 488 1839 form
499 1806 517 1839 os
524 1807 605 1850 grasping,
613 1807 647 1840 that
656 1808 683 1840 He
690 1809 747 1843 should

81 1847 112 1878 and
125 1847 168 1881 Lord
180 1849 198 1881 of
210 1850 237 1890 all,
250 1852 281 1884 and
293 1851 330 1885 God
342 1851 359 1884 in
371 1852 398 1885 the
431 1851 477 1895 equal
485 1851 556 1884 Himseli
561 1851 599 1885 with
605 1852 642 1886 God
648 1851 674 1885 the
680 1853 747 1887 Father:

49 1929 51 1932 .
81 1890 398 1939 sorniofGodHisFather,hegotten
431 1897 613 1939 onthecontrary,‘etc.
635 1897 749 1942 Thispassage

81 1936 112 1968 and
127 1938 209 1980 produced
224 1939 264 1972 from
283 1940 333 1973 Him'
366 1942 398 1974 For
430 1941 478 1974 taken
486 1941 502 1972 in
510 1940 748 1986 connexionwiththepassage

83 1980 168 2020 ‘prolatus’
179 1992 203 2023 cpv
214 1984 266 2024 Justin
277 1986 343 2026 Martyr,
351 1986 397 2017 Dior.
430 1985 471 2017 cited
484 1984 500 2015 in
513 1985 529 2017 ll.
544 1995 559 2026 9,
574 1996 597 2024 10,
611 1986 686 2027 certainly
696 1997 748 2020 seems

80 2032 97 2064 p.
107 2024 136 2065 285
146 2033 158 2057 D
170 2024 214 2058 τοῦτο
225 2025 243 2058 τὸ
253 2026 276 2068 τῷ
286 2029 318 2060 ὄννι
329 2027 398 2060 ἀπὸτοῦ
430 2028 666 2061 toshewthatNunderstands
671 2031 747 2073 rapinam

80 2069 138 2110 πατρὸς
147 2069 235 2112 προβληθὲν
244 2072 313 2114 γέννημα
322 2071 352 2114 πρὸ
359 2073 397 2105 πάν·
430 2070 523 2115 (ἁρπαγμόν)
530 2072 612 2106 inasense
618 2072 669 2105 which
674 2074 688 2106 is
694 2076 748 2109 rather

80 2122 110 2143 των
121 2115 152 2144 τῶν
163 2117 251 2154 ποιημάτων
262 2119 307 2156 συνῆν
318 2117 341 2157 τῷ
351 2118 397 2158 πατρί
429 2117 464 2150 that
478 2117 496 2149 of
508 2127 536 2149 our
551 2117 593 2150 AN.
611 2116 703 2160 (¹r0bbery,'
718 2120 746 2153 i.e.

81 2155 146 2197 (quoted
154 2158 175 2200 hy
183 2158 207 2200 Bp
214 2159 250 2191 Bull
259 2160 294 2203 Des.
302 2162 320 2193 F,
329 2162 350 2193 N.
360 2166 378 2204 pt
386 2161 397 2193 ii
429 2160 527 2204 usurpation)
539 2160 577 2193 than
589 2161 623 2193 that
635 2161 653 2193 of
662 2172 691 2194 our
702 2163 745 2196 R.V.

81 2201 151 2251 P5..7²⁸J³
163 2201 196 2235 also
204 2204 270 2237 Tertull.
278 2206 315 2238 odia.
323 2206 395 2243 Promo.
431 2204 456 2248 (¹a
470 2204 523 2249 prize'
537 2216 586 2247 marg·
603 2206 621 2238 ‘a
635 2205 680 2249 thing
694 2211 711 2239 to
725 2208 747 2241 he

80 2254 107 2276 vur
124 2246 196 2288 ‘protulit
213 2248 251 2281 deus
266 2249 367 2288 sermonem‚’
380 2251 397 2282 in
429 2249 516 2292 grasped¹)‚
526 2249 586 2291 though
595 2250 622 2282 the
629 2251 692 2291 general
700 2262 746 2286 sense

80 2292 149 2322 contrast
156 2296 172 2324 to
180 2291 207 2324 the
214 2291 289 2326 heretical
298 2304 325 2327 use
334 2294 352 2326 of
360 2306 396 2337 arpo-
429 2294 448 2326 of
453 2294 479 2326 the
487 2304 553 2337 passage
561 2295 664 2338 corresponds
671 2295 710 2328 with
717 2297 746 2330 the

79 2334 119 2374 βολὴ
124 2335 145 2377 hy
151 2336 243 2370 Valentinus
248 2338 275 2371 the
280 2339 355 2377 Gnostic;
363 2339 397 2372 also
430 2339 472 2372 R.V,
495 2339 531 2371 The
541 2338 593 2371 clause
604 2342 631 2371 ‘ut
642 2345 716 2382 aequaret
727 2352 746 2375 se

79 2378 125 2418 Apol.
136 2389 153 2410 21
164 2382 191 2410 ‘ex
198 2381 228 2412 deo
237 2383 353 2423 prolatum,..ct
360 2393 396 2425 pro·
429 2383 470 2426 patri
477 2382 519 2421 deo‚’
527 2392 594 2414 answers
601 2387 618 2414 to
628 2383 716 2426 ‘aequalem
727 2396 745 2417 se

79 2418 138 2471 latione
147 2429 239 2466 generatum
250 2431 265 2459 et
276 2426 335 2460 idcirco
347 2426 396 2460 filiurn
429 2427 459 2460 deo
472 2427 515 2459 esse'
527 2426 544 2458 in
558 2426 585 2459 the
599 2427 669 2467 citation,
685 2430 717 2461 and
731 2430 745 2462 is

79 2464 105 2496 der
113 2470 128 2498 et
136 2467 183 2499 deunr
191 2468 250 2501 dictum
261 2481 279 2502 err
290 2471 350 2503 unitate
360 2472 396 2504 sub·
429 2470 508 2511 evidently
516 2469 591 2502 intended
599 2481 616 2503 as
624 2481 644 2502 an
651 2471 744 2515 interpreta-

79 2510 158 2543 stantiae)
428 2515 463 2548 tion
474 2514 492 2547 ot
502 2513 593 2558 ‘rapinam'
604 2515 656 2548 which
667 2516 683 2548 in
694 2517 745 2551 either

101 2564 124 2586 η.
152 2559 170 2589 et
186 2559 217 2589 hoc
235 2560 297 2600 ipsum]
315 2571 325 2592 a
343 2564 397 2603 strong
429 2571 464 2593 case
475 2560 488 2592 is
500 2559 527 2592 the
538 2560 646 2601 grammatical
657 2561 743 2603 predicate.

128 2635 144 2662 r.
155 2636 174 2664 u.
680 2630 691 2668 6
