1746 2903
121 132 149 186 46
385 146 525 179 wounrrnnr
682 146 790 187 [xrrrxw

122 242 237 296 conspicis53
250 241 287 282 nisi
299 241 389 299 quoniam
403 241 419 282 si
432 249 534 295 utrumque
545 241 706 289 animaduertitur¹
721 249 791 282 utrum-

123 323 160 362 que
174 309 241 349 merito
255 310 355 349 credatur?

161 379 215 416 XIV.
243 378 267 416 Et
276 384 341 417 tamen
350 376 413 416 adhue
422 376 496 416 dubitat
505 374 610 416 haereticus
620 375 716 417 Christum
728 377 791 418 dicere
800 377 824 417 14

123 457 165 485 esse
177 446 240 492 deum,
255 457 312 495 quern
325 445 383 483 deum
395 451 424 483 tot
436 451 455 483 et
466 444 523 483 rebus
535 442 669 483 animaduertit
680 451 699 484 et
710 445 791 485 uocibus

104 526 114 565 5
124 511 254 563 approbatum.
278 509 293 549 si
301 511 360 550 horno
366 511 500 550 tantummodo
508 508 598 558 Christus,
607 511 705 562 quomodo
712 511 791 551 ueniens

123 576 143 615 in
159 577 211 615 huuc
229 576 322 614 mundum
340 577 360 614 in
378 588 413 613 sna
431 577 485 624 nenit,
502 589 545 615 curn
564 575 622 615 homo
638 576 711 615 nullum
727 578 792 616 fecerit

124 644 232 683 mundum?
258 642 273 682 si
286 643 345 682 horno
356 644 489 683 tantummodo
500 641 590 692 Christus,
601 644 699 695 quomodo
708 645 791 684 mundus

121 718 157 761 per
164 711 224 761 ntsnnt
231 709 294 760 sactus
306 723 347 750 esse
359 711 441 757 refertur,
452 723 496 750 cum
505 723 544 750 non
554 723 587 762 per
595 710 693 751 hominem
702 713 791 762 mundus,

125 778 160 817 sed
168 784 212 828 post
221 778 315 816 mundum
324 779 382 824 horno
392 776 488 816 institutus
497 778 599 817 referatur?
621 779 637 817 si
644 779 702 817 homo
711 786 793 818 tautum-

94 858 116 884 10
126 845 184 885 modo
194 843 285 893 Christus,
293 845 391 896 quomodo
401 856 440 884 non
449 857 472 884 er
481 842 552 884 semine
559 846 692 885 tantummodo
700 845 792 896 Christus,

127 913 161 951 sed
174 913 249 950 nethnm
262 924 304 950 carn
311 913 385 961 sactum
400 916 456 949 estet
468 912 561 950 natitant
573 913 592 950 in
607 913 671 951 nohis?
697 926 741 952 nom
757 913 793 952 etsi

126 979 253 1028 protoplastus
262 989 301 1016 norr
311 976 419 1024 exsemine,
429 977 463 1016 sed
473 983 536 1015 tamen
548 978 674 1028 protoplastus
684 990 723 1017 rrorr
733 984 761 1017 est
770 991 793 1018 ex

127 1043 180 1084 uerbi
190 1051 208 1084 et
221 1042 281 1083 cornis
294 1042 428 1083 coniunctione
440 1049 550 1083 concretus:
565 1056 604 1083 non
613 1051 641 1084 est
653 1044 704 1084 eninr
714 1045 793 1086 uerbum

127 1123 170 1150 coro
187 1111 258 1157 factum
276 1116 295 1148 et
315 1109 407 1149 habitauit
423 1109 444 1148 in
461 1110 521 1149 nobis.
551 1109 567 1148 si
584 1111 643 1150 homo
661 1114 793 1153 tantummodo

95 1187 116 1226 15
127 1177 218 1226 Christus,
236 1178 335 1229 quomodo
352 1177 386 1228 qni
401 1178 422 1216 de
440 1179 486 1217 caelo
504 1178 557 1226 nnnt,
574 1191 620 1228 qnae
638 1178 687 1218 nictit
700 1185 717 1218 et
733 1182 795 1221 audiit

126 1244 237 1293 testhicatnt,
248 1255 292 1281 cum
301 1250 375 1282 constet
384 1241 482 1282 hominem
492 1243 516 1281 de
527 1244 585 1291 caelo,
596 1243 640 1293 quio
652 1242 677 1282 ihi
690 1244 742 1284 nasei
754 1258 793 1285 non

126 1309 191 1362 possit,
207 1307 272 1348 uenire
289 1320 329 1347 uon
346 1308 416 1359 posse?
442 1306 458 1346 si
476 1308 535 1346 horno
552 1310 686 1349 tantummodo
702 1310 793 1359 Christus,

128 1376 226 1428 quomodo
248 1374 329 1412 nisihilia
351 1378 369 1412 et
388 1374 495 1422 inuisibilia,
516 1374 583 1422 throni,
604 1376 681 1414 uirtutes
702 1381 719 1414 et
739 1378 795 1417 dorni-

117 1442 209 1480 ''nntinnes
221 1446 258 1491 per
278 1441 337 1490 nisinn
357 1445 376 1478 et
395 1441 415 1477 in
433 1442 471 1490 ipso
488 1446 548 1479 creata
566 1454 607 1480 esse
624 1444 733 1491 referuntur,
750 1457 794 1483 cum

95 1516 119 1541 20
128 1506 147 1548 ui
157 1514 206 1547 tutes
219 1507 309 1546 caelestes
321 1520 355 1558 per
366 1504 464 1545 homiuem
476 1505 516 1545 fieri
528 1519 567 1546 uon
579 1508 679 1559 potuerint,
690 1522 738 1560 quae
750 1517 795 1551 aute

127 1574 225 1631 homiuem
247 1573 309 1625 ipsum
332 1588 373 1614 esse
395 1573 509 1613 debuerint?
543 1573 559 1613 si
581 1575 639 1615 homo
661 1579 794 1617 tantummodo

129 1641 220 1691 Christus,
230 1642 328 1692 quomodo
338 1643 391 1681 adest
400 1640 471 1693 ubique
482 1640 587 1691 inuocatus,
597 1656 641 1682 eum
653 1643 701 1682 haee
713 1644 795 1685 hominis

128 1716 195 1750 notura
203 1723 242 1749 non
255 1708 283 1757 sit,
294 1710 328 1749 sed
340 1708 378 1758 dei,
387 1715 408 1748 ut
420 1710 486 1749 adesse
497 1708 550 1748 omni
558 1710 601 1749 loco
613 1708 686 1761 possit?
712 1710 728 1750 si
736 1712 795 1752 homo
820 1718 821 1721 ’

128 1776 262 1815 tantummodo
272 1775 363 1823 Christus,
374 1787 407 1813 cur
416 1776 474 1814 homo
483 1775 503 1814 in
514 1775 630 1834 orationibus
640 1777 733 1816 mediator
743 1777 796 1818 irruo-

151 1945 196 1978 XIV.
214 1945 450 1988 Contz'nzn'ngrteargmnnn-
500 1955 524 1985 15.
544 1944 588 1987 John
595 1945 612 1978 iii
620 1957 645 1988 31,
655 1956 680 1988 32.

130 1990 151 2034 If
161 1990 215 2023 Christ
225 2000 264 2022 were
277 2000 318 2022 nine
332 2000 375 2029 nnn,
389 1990 423 2022 how
436 1990 450 2022 is
500 1990 523 2022 18.
546 1989 628 2023 Coliro.

131 2035 220 2067 ttttatHe
228 2034 242 2064 is
252 2034 277 2065 the
289 2035 337 2065 Word
344 2034 388 2066 mah
398 2034 449 2071 Flesti,
499 2044 523 2065 22.
546 2037 627 2072 quomodo
638 2037 687 2067 adest
699 2037 761 2075 ubique
771 2039 796 2069 in-

130 2078 394 2121 whichcnnnotbesnidosltrtanr?
408 2079 449 2109 How
477 2078 554 2118 uocatus]
572 2079 599 2109 An
612 2079 796 2121 uuqualifiedessertion

131 2124 145 2156 is
155 2123 170 2155 it
176 2123 211 2156 that
219 2133 235 2154 sn
244 2133 292 2164 ntnny
302 2123 356 2165 things
365 2133 392 2155 are
396 2122 450 2164 pnti-
478 2122 496 2155 ol
508 2121 535 2154 the
547 2122 617 2166 worship
629 2124 646 2156 of
659 2123 721 2157 Christ:
736 2135 757 2157 ou
769 2125 796 2158 the

132 2168 175 2200 cant
186 2167 205 2210 os
213 2167 254 2199 Hint
266 2167 285 2199 in
296 2168 321 2199 the
333 2167 385 2205 [lhT.y
399 2166 451 2199 which
478 2166 579 2208 urriversolity
584 2167 601 2199 of
605 2167 662 2205 which,
667 2169 728 2200 consult
733 2169 797 2202 Liddon

132 2212 181 2254 inply
198 2212 233 2244 that
250 2212 276 2244 He
290 2222 332 2244 carne
348 2212 393 2244 down
406 2210 450 2253 finnt
478 2211 499 2243 B.
505 2209 532 2243 Μ
543 2221 571 2254 pp.
583 2220 612 2255 379
620 2223 644 2255 sq.
666 2212 681 2245 It
692 2212 705 2245 is
716 2218 750 2246 true
763 2213 797 2247 that

132 2258 190 2289 heaven
201 2257 235 2288 ond
244 2257 258 2287 ir
269 2266 310 2287 inore
319 2256 359 2287 than
370 2256 421 2287 men?
480 2256 544 2296 Origen,
557 2255 573 2287 iu
583 2256 607 2288 his
617 2257 635 2288 de
647 2256 721 2289 Oratione
730 2269 755 2295 xv,
763 2259 796 2301 lays

156 2310 179 2332 rt.
201 2300 298 2340 exsemine]
308 2298 450 2331 ‘ofhurnanseed’
479 2299 527 2330 dowu
538 2298 564 2330 the
575 2298 653 2342 principle
664 2300 698 2333 that
709 2300 797 2335 Christians

133 2344 163 2385 Cp.
173 2345 199 2385 Jo.
211 2344 216 2375 i
231 2354 248 2383 13
262 2344 302 2375 ‘For
314 2343 375 2384 though
382 2343 409 2374 the
419 2343 452 2374 first
480 2353 518 2384 pray
525 2347 542 2373 to
550 2342 576 2374 the
588 2344 646 2375 Father
653 2344 722 2385 through
729 2346 756 2377 the
763 2346 797 2379 Son

133 2397 170 2419 marr
178 2397 211 2419 was
221 2391 249 2418 not
260 2387 300 2418 born
312 2387 330 2418 os
339 2386 381 2422 seed,
389 2385 421 2418 still
431 2386 451 2417 he
480 2395 496 2416 as
508 2385 587 2416 Mediator
598 2387 629 2418 and
641 2387 686 2429 High
698 2387 753 2428 Prien,
764 2390 796 2421 and

133 2442 165 2463 was
170 2436 198 2462 not
206 2430 316 2473 compounded
324 2430 342 2462 of
347 2430 374 2462 the
381 2429 431 2461 urrion
436 2429 454 2461 of
479 2435 508 2461 not
520 2428 586 2471 direetly
597 2435 613 2463 to
624 2431 651 2464 the
662 2431 700 2464 Son.
722 2432 760 2465 Anu
771 2439 797 2476 yet

133 2476 160 2508 the
168 2475 256 2507 Wordaud
264 2474 452 2516 Flesh:lor[inAdanr's
480 2473 564 2506 elsewhere
577 2474 597 2507 he
609 2474 696 2509 virrdicates
710 2487 767 2519 prayer
780 2483 797 2511 to

133 2519 209 2560 creation]
221 2519 248 2551 the
259 2520 309 2551 Word
322 2531 354 2552 uras
366 2519 452 2551 permade
480 2517 560 2551 Christos
574 2520 652 2561 preetised
665 2521 686 2562 by
696 2521 723 2554 the
734 2522 798 2555 Church

133 2562 184 2596 flesh'
481 2561 498 2604 (c.
508 2562 546 2594 Cels.
554 2562 581 2595 viii
590 2564 620 2606 rel.
