1746 2903
78 154 117 195 XV]
275 155 311 188 DE
326 154 460 188 TRINITATE
473 155 548 188 LIBER
719 155 746 198 49

79 252 747 299 solamesseChristinatiuitaterntenentes,nihilaliudChristumesse

79 332 137 370 quarn
147 318 244 361 hominem
254 319 379 367 crediderunt,
389 332 429 359 non
438 318 579 360 considerantes
587 319 639 369 illud,
650 320 746 372 qnoniam,

79 399 124 425 cunr
133 386 158 425 de
167 387 220 427 coelo
229 387 287 426 homo
297 400 336 426 non
345 384 427 437 potuerit
436 384 506 434 uenire,
516 392 537 425 ut
547 386 614 425 merito
626 386 671 427 illuc
683 396 747 438 posset

77 449 146 501 redire,
156 452 214 493 deum
226 466 267 493 esse
277 452 310 505 qui
318 451 363 492 inde
372 451 497 501 descenderit,
507 453 558 493 unde
567 451 626 492 horno
635 452 699 493 uenire
707 466 747 494 non

80 518 167 570 potnerit.
610 525 612 528 ’
756 528 766 568 5

119 585 138 626 Si
155 586 213 626 homo
229 585 363 626 tantummodo
379 584 470 634 Christus
487 586 585 638 quomodo
603 585 659 626 dicit:
678 600 711 626 uos
725 600 747 627 ex

79 652 197 702 inferioribus
212 653 258 700 estis,
275 665 304 703 ego
319 654 413 691 desursum
428 665 479 698 sunu
492 665 525 691 uos
539 653 560 691 de
575 652 608 691 lzoc
621 654 689 702 rasindo
701 655 746 703 estis,

78 732 108 770 ego
117 731 153 758 noo
162 732 202 758 sum
211 719 232 757 de
242 719 273 758 hoc
280 719 361 758 mzcndo?
385 718 429 758 ideo
441 724 505 758 autern
514 717 530 758 si
539 717 601 759 omnis
610 718 669 759 horno
678 731 701 759 ex
710 719 747 760 hoc

80 785 153 825 mundo
160 791 193 835 est,
202 791 221 825 et
229 782 274 824 ideo
283 783 303 824 in
310 785 347 825 hoe
354 785 427 825 mundo
434 791 463 825 est
470 783 562 831 Christus,
569 798 594 824 an
601 784 659 825 homo
666 792 747 826 tanturn·

80 850 139 890 modo
154 853 195 891 est?
221 849 275 890 absit,
303 852 337 891 sed
350 850 449 891 considero
462 852 515 902 quod
528 851 565 891 ait:
581 864 610 901 ego
623 865 659 891 non
671 866 712 891 som
726 855 748 892 de
757 869 780 894 10

29 931 32 938 “
80 918 112 956 lzoc
120 918 192 955 mllndo.
218 917 312 968 numquid
321 930 365 968 ergo
374 917 468 964 mentitur,
479 930 523 956 curn
533 931 555 956 ex
564 919 601 956 hoe
610 920 683 958 mundo
692 918 721 968 sit,
731 920 747 959 si

80 985 139 1024 homo
148 984 282 1024 tantummodo
293 983 331 1023 sit?
356 990 389 1023 aut
401 983 416 1023 si
427 996 467 1024 non
480 982 573 1032 mentitur,
584 996 623 1023 non
635 991 664 1023 est
675 999 698 1025 ex
709 986 747 1025 hoc

80 1051 160 1091 rnnndo.
186 1064 225 1091 non
235 1063 279 1103 ergo
288 1052 346 1091 horno
357 1051 490 1091 tantummodo
499 1057 532 1100 est,
543 1050 587 1103 quia
596 1064 619 1091 ex
627 1052 665 1092 hoe
674 1055 747 1093 mundo

80 1131 121 1158 non
133 1124 165 1158 est.
194 1119 228 1159 sed
240 1132 264 1159 ne
275 1119 341 1159 lateret
353 1117 395 1170 quis
408 1123 462 1167 esset,
473 1118 563 1170 expressit
574 1119 625 1159 unde
638 1126 697 1160 esset:
711 1132 745 1171 ego,

80 1184 147 1236 inquit,
155 1186 248 1224 desursum
257 1198 308 1235 sum,·
322 1186 359 1224 hoe
368 1191 401 1234 est,
409 1186 434 1225 de
441 1185 499 1233 caelo,
507 1186 559 1225 unde
568 1186 627 1226 homo
634 1186 698 1226 uenire
707 1199 747 1226 non
758 1197 779 1236 15
798 1226 800 1229 ,
856 1235 858 1238 ¹

80 1259 154 1305 potest5
174 1251 280 1292 nonenim
296 1252 384 1292 incaelo
401 1253 461 1292 factus
477 1259 510 1293 est.
544 1253 591 1293 deus
606 1260 635 1294 est
652 1267 696 1306 ergo
714 1255 747 1306 qui

80 1319 179 1358 desursum
191 1325 226 1368 est,
237 1325 256 1358 et
267 1317 339 1358 ideireo
350 1318 375 1357 de
385 1318 423 1358 hoe
433 1318 507 1357 rnundo
519 1331 559 1358 non
571 1326 605 1358 est.
631 1333 746 1371 quamquam

80 1383 138 1424 etiarn
145 1385 229 1437 quodam
237 1386 295 1424 modo
303 1398 326 1424 ex
332 1386 369 1424 hoc
376 1385 449 1424 mundo
457 1390 496 1433 est;
509 1386 560 1425 unde
567 1398 606 1425 non
616 1386 663 1427 deus
672 1394 745 1427 tanturn

80 1459 109 1489 est
122 1450 214 1499 Christus,
227 1452 261 1490 sed
275 1458 294 1490 et
305 1452 375 1499 horn03
389 1457 410 1489 ut
421 1449 494 1500 merito,
507 1464 545 1502 quo
559 1452 617 1491 modo
630 1466 669 1492 non
682 1461 711 1493 est
724 1467 747 1493 ex

80 1517 118 1556 hoc
130 1518 203 1556 mundo
216 1518 321 1556 secundum
331 1516 384 1556 uerbi
393 1516 518 1566 diuinitatem,
528 1517 554 1556 ita
563 1531 586 1556 ex
595 1519 632 1557 hoc
641 1521 714 1559 mundo
723 1520 746 1559 sit
757 1534 766 1558 2

81 1583 186 1622 secundum
196 1582 278 1634 suscepti
287 1581 370 1635 corporis
379 1581 502 1634 fragilitatem.
530 1584 588 1623 homo
600 1590 629 1623 est
640 1585 691 1624 enini
703 1599 746 1625 cunr

278 1697 295 1730 19
307 1691 330 1720 est
338 1685 417 1727 Christus]
428 1686 448 1720 sit
456 1685 527 1719 Christus
535 1698 549 1720 o.

104 1795 117 1815 1.
139 1785 223 1825 tenentes]
230 1783 400 1826 ‘holdingtotheview
428 1782 486 1815 world:
499 1784 511 1815 it
523 1783 585 1815 follows
596 1783 630 1816 that
641 1784 669 1816 He
679 1784 692 1816 is
702 1794 747 1817 more

81 1828 115 1860 that
128 1828 155 1860 the
169 1829 222 1861 carnal
236 1828 303 1870 nativity
316 1829 335 1860 of
347 1828 401 1860 Christ
428 1827 467 1859 than
476 1837 518 1860 man.
540 1828 575 1859 The
586 1831 618 1860 two
629 1828 681 1860 words
692 1827 746 1860 ‘ideo’

81 1882 113 1905 swas
124 1871 151 1905 the
162 1873 199 1914 only
210 1871 251 1905 one!
428 1882 455 1904 are
462 1875 490 1903 not
498 1871 563 1913 parallel
570 1875 587 1903 to
595 1871 634 1903 each
642 1871 692 1904 other.
715 1872 747 1904 But

103 1927 116 1958 3.
140 1916 208 1959 Though
217 1915 244 1949 the
253 1915 340 1949 ciansehas
347 1915 400 1958 hegnn
428 1915 455 1948 the
476 1915 584 1948 combination
601 1915 620 1947 of
639 1914 695 1948 ‘ideo'
715 1916 746 1948 and

81 1960 120 1992 with
136 1960 225 2003 ‘qnoniam’
240 1959 307 2002 (‘that')‚
322 1961 349 1992 the
363 1970 400 1991 con·
430 1959 501 1991 ‘autem'
517 1962 530 1991 is
544 1965 617 2000 strange:
636 1960 680 1992 there
696 1960 710 1991 is
725 1971 746 1992 no

80 2004 157 2036 struction
175 2005 243 2048 changes
260 2009 277 2037 to
297 2014 349 2037 aecus.
368 2003 400 2036 and
428 2013 506 2046 sequence
513 2002 619 2046 olreasoning
626 2008 715 2037 toaeoount
722 2004 747 2036 tor

81 2049 164 2081 infinitive
430 2048 488 2081 ‘ideo’
510 2048 582 2090 Possibly
595 2047 621 2080 the
635 2054 669 2081 true
681 2048 747 2092 reading

103 2092 117 2125 6.
138 2094 181 2134 John
193 2093 221 2125 viii
233 2103 251 2133 23
264 2093 352 2134 Vulghas
364 2095 401 2124 ‘uos
428 2092 442 2124 is
452 2092 466 2122 si
475 2097 533 2123 arcteris.

81 2136 101 2169 de
112 2136 186 2169 deorsum
196 2136 243 2170 estis:
258 2147 287 2179 ego
298 2137 319 2169 de
329 2136 401 2179 supernis
451 2146 474 2168 11.
499 2136 551 2168 ‘Does
559 2135 586 2167 He
593 2134 614 2167 lie
621 2135 669 2167 then?
679 2134 694 2168 if
699 2136 726 2168 He
733 2135 746 2168 is

81 2180 127 2212 surn'
428 2180 466 2221 only
476 2190 518 2219 man,
531 2181 557 2212 He
567 2180 580 2212 is
591 2180 609 2212 of
617 2180 648 2212 this
655 2179 706 2212 world
715 2181 747 2213 and

102 2226 116 2258 8.
141 2224 197 2258 ‘Then
214 2224 228 2258 if
241 2235 288 2268 every
302 2236 339 2258 rnen
355 2224 369 2257 is
385 2223 402 2257 of
428 2222 506 2257 therefore
515 2223 551 2256 lies:
563 2223 651 2263 otherwise,
659 2224 686 2257 He
696 2223 709 2257 is
719 2230 747 2258 not

82 2269 113 2302 this
124 2270 173 2302 world
184 2271 215 2302 and
228 2269 262 2302 that
275 2270 287 2302 is
300 2270 337 2312 why
348 2268 401 2301 Christ
429 2269 447 2301 of
452 2268 483 2301 this
490 2269 552 2302 world’

83 2312 106 2355 (as
120 2313 168 2355 being
180 2313 222 2356 man)
237 2314 251 2346 is
264 2314 281 2346 in
298 2314 329 2346 this
343 2313 399 2353 world,
451 2322 474 2356 19.
496 2312 590 2353 nomentio]
603 2312 747 2356 ‘thusitproperly

81 2358 120 2390 does
134 2358 146 2390 it
160 2358 214 2391 follow
228 2358 263 2391 that
278 2359 304 2391 He
315 2359 328 2391 is
341 2357 379 2399 only
391 2369 400 2390 a
428 2356 502 2390 follows.'

82 2400 137 2434 man?’
166 2403 201 2435 The
220 2403 314 2445 underlying
333 2402 401 2444 thought
450 2412 475 2434 αι,
496 2401 747 2444 nomoeslenim„.]Asimple

35 2457 36 2461 ¹
82 2446 95 2477 is
111 2446 146 2477 that
162 2447 180 2477 ot
193 2447 252 2488 Johni
265 2457 283 2478 10
301 2447 400 2478 ‘inmundo
429 2445 628 2487 expressionofwhatwas
635 2445 748 2488 subsequently

82 2493 115 2522 erat
130 2493 145 2522 et
159 2490 227 2523 mundos
242 2499 271 2532 per
285 2490 337 2532 ipsurn
350 2489 401 2522 factus
430 2489 481 2522 called
492 2489 518 2521 the
529 2488 619 2531 hypostatic
631 2489 680 2522 union
691 2488 748 2531 (ἕνωσιε

82 2532 116 2566 est.⁵
138 2533 173 2566 The
185 2533 235 2566 Word
250 2534 263 2566 is
275 2535 294 2566 in
306 2534 333 2567 the
344 2533 399 2573 world,
429 2531 465 2566 καθ’
480 2533 578 2573 ὑπόστασιν),
594 2543 612 2564 or
626 2533 675 2565 union
690 2533 708 2565 ot
721 2533 748 2567 the

82 2587 119 2610 nien
133 2577 185 2610 whom
200 2578 227 2611 He
241 2577 288 2610 made
302 2590 328 2611 are
342 2577 362 2620 ef
374 2577 401 2610 the
430 2582 461 2610 two
477 2582 539 2610 natures
553 2577 570 2609 in
581 2576 616 2611 One
631 2577 695 2610 Person.
722 2577 747 2612 Cf.

134 2657 149 2686 n.
161 2658 180 2686 w.
686 2659 696 2693 4
