1746 2903
110 143 144 186 30>
344 190 345 193 Ἴ
375 145 525 180 noxxemm,
745 143 778 185 [rx

109 244 186 296 quando
200 250 265 295 gentes
275 242 295 281 in
308 240 370 294 ipsum
384 241 486 282 credituras
499 241 611 293 prophetat:
627 255 660 281 eece
667 243 727 293 posui
737 255 777 281 erem

109 313 129 352 ia
143 310 254 361 preelegerent
272 315 289 348 et
301 311 441 361 praecipientem
456 311 543 361 gentibus.
571 314 632 360 gentes
646 324 694 361 qnae
710 316 727 350 te
741 323 777 349 non

110 383 201 426 nonerunt
209 377 347 425 enumerante,
355 378 484 427 etpepele'qm'
492 382 508 415 te
516 376 632 416 nesciuntne
639 382 655 416 te
664 377 778 428 confiege'eert;
836 396 838 398 ·

110 448 162 485 hunc
177 446 266 492 eundem,
281 444 358 494 quando
376 445 401 483 ad
415 445 523 495 passionem
539 442 579 483 eius
595 444 687 482 exclamat
701 437 778 482 dicens:
840 436 842 443 ⁴

91 523 100 563 5
110 512 157 551 sieut
167 511 207 550 eree's
217 509 350 550 adnectentem
360 510 423 549 duetus
431 515 460 560 est,
472 516 490 549 et
499 510 547 549 sicet
556 523 615 561 ageres
626 523 687 549 eorem
699 509 780 549 tendente

110 593 128 618 se
144 579 183 618 siae
200 592 245 626 nece,
263 578 289 617 se'c
305 591 341 616 eree
360 578 434 627 apertae
449 591 469 617 es
485 591 539 617 serem
557 577 576 615 in
594 577 709 625 leuerr‘le'tar‘e3
726 577 778 616 hunc

111 646 188 697 quando
201 646 302 696 flagrorum
316 643 356 683 eius
369 643 418 682 ictus
431 645 533 696 plagasque
546 642 656 695 descripsit:
671 644 728 682 liuere
739 644 778 682 eries

111 724 143 751 aar
151 711 216 750 senati
222 723 295 758 semum·
305 716 337 750 aut
346 709 483 751 humilitatem:
497 710 655 758 enumerarentur,
665 716 683 749 et
690 723 726 749 ααα
738 714 779 749 erat

110 777 128 816 αἱ
135 777 197 827 speeies
207 790 262 828 neque
270 777 333 816 horter.
357 776 408 815 demo
415 777 435 815 en
440 777 498 828 plage
504 782 521 816 et
527 777 581 817 scieas
585 776 637 827 ferre
644 777 664 815 e'a
678 776 779 824 emilanem

79 856 102 881 10
111 850 144 883 aut
153 844 206 894 quod
215 845 297 895 populus
306 856 346 883 non
355 849 394 882 erat
405 839 521 883 crediturus:
534 848 571 882 teta
583 843 612 881 de'e
622 843 704 893 expendi
713 855 780 881 enarres

112 923 161 949 eneas
178 911 204 948 ad
213 911 303 961 populum
322 922 357 948 eea
373 910 480 959 credentem
500 916 533 949 aut
547 909 599 960 quod
615 915 751 948 resurrecturus
769 920 780 946 a

112 976 201 1017 mortuis:
216 982 233 1016 et
244 978 281 1016 erit
292 977 312 1016 e'a
324 977 359 1016 elle
371 977 399 1015 de'e
410 977 468 1016 radix
480 978 531 1026 Iesse,
544 981 562 1015 et
572 977 606 1027 qree'
615 982 678 1027 surget
689 977 779 1029 inperare

109 1045 198 1095 gentibus,
208 1045 228 1083 in
237 1056 277 1082 erem
283 1048 344 1094 gentes
352 1044 455 1093 sperabant,
466 1048 484 1082 et
494 1044 530 1082 eret
541 1043 609 1093 requies
618 1044 656 1082 eires
664 1044 723 1082 lenae
728 1057 733 1093 3
746 1050 779 1082 eut

112 1123 156 1150 eum
165 1117 240 1162 tempus
249 1107 401 1149 resurrectionis:
414 1109 470 1159 prensi
476 1109 555 1148 dilaculo
564 1113 654 1159 paeana
667 1109 779 1148 e'eereeeee'eems

80 1185 101 1224 15
111 1189 163 1225 erem3
182 1182 214 1215 aut
232 1176 293 1227 quod·
303 1188 387 1216 sessurus
405 1175 430 1214 ad
446 1175 531 1215 dextram
546 1174 615 1226 patris:
633 1175 683 1214 dixit
696 1176 779 1215 dremne

111 1241 183 1281 domino
197 1255 247 1280 meo:
263 1242 303 1280 sede
320 1241 346 1279 erl
360 1241 453 1280 dexteram
469 1254 531 1289 meam,
548 1240 602 1280 denec
614 1246 685 1291 porram
698 1231 780 1280 iamim

111 1315 151 1349 aas
168 1309 262 1348 scabellum
275 1310 344 1359 pedem
362 1313 447 1357 tuamen
469 1314 501 1347 aut
519 1321 563 1348 eum
581 1321 678 1358 possessor
693 1307 779 1348 omniurn

112 1376 226 1416 collocatur:
236 1377 312 1426 pertale
324 1387 336 1413 α
348 1386 379 1421 eae,
395 1379 412 1412 ee
422 1375 468 1413 dele
482 1376 517 1414 aba·
522 1379 584 1426 gentes
595 1375 710 1414 hereditatem
722 1381 778 1423 ereata,
818 1401 819 1404 =

111 1448 128 1480 et
134 1443 264 1491 possessionem
276 1447 327 1479 teram
338 1442 424 1479 termines
433 1447 492 1479 terrae
498 1457 503 1491 3
517 1450 549 1481 eut
562 1443 614 1492 quod
626 1441 683 1482 iudex
694 1443 779 1482 omnium

79 1524 102 1549 20
112 1503 227 1545 ostenditur:
241 1504 284 1544 detes
296 1504 383 1543 irede'ee'ereu
396 1508 448 1542 mm
457 1505 497 1555 eege'
506 1506 535 1555 da,
549 1508 566 1543 et
574 1504 664 1544 testeiam
676 1510 728 1546 taam
736 1506 780 1557 filio

110 1601 243 1644 fallingones,'as
249 1600 342 1643 DrCheyne
348 1599 431 1632 translates
461 1600 505 1632 Here
516 1599 563 1643 again
575 1600 596 1632 N.
607 1600 651 1643 gives
663 1604 715 1633 atext
727 1600 780 1634 which

110 1647 137 1680 the
145 1647 215 1678 Hebrew
223 1647 250 1684 tls
259 1646 275 1677 lv
282 1646 302 1687 3).
321 1645 356 1676 The
363 1645 410 1686 Vulg.
417 1644 430 1676 is
460 1645 545 1677 resembles
553 1644 599 1676 LXX
606 1655 650 1677 more
655 1645 694 1677 than
702 1646 752 1678 Hebr.
762 1656 780 1678 or

112 1690 154 1734 quite
166 1690 243 1729 different,
259 1689 325 1732 reading
336 1688 431 1720 ‘misericor
461 1688 691 1731 Vulgbutdoesnottranslate
696 1689 708 1722 it
713 1691 779 1733 exactly.

112 1736 145 1768 dias
157 1735 210 1766 Dauid
223 1733 287 1766 fideles’
309 1733 355 1765 LXX
365 1732 385 1764 τὰ
395 1731 431 1764 ὅσια
483 1742 506 1765 10.
530 1733 551 1765 Is.
561 1732 586 1764 lxv
595 1743 609 1764 α.

112 1779 167 1811 Δαυεὶδ
182 1777 202 1809 τὰ
216 1776 268 1810 πιστά.
291 1777 338 1809 Refer
352 1781 369 1809 to
380 1787 396 1808 n.
410 1786 431 1808 on
483 1785 507 1818 13.
528 1777 595 1814 requies
607 1777 650 1816 etus]
672 1777 726 1810 sti.
740 1775 779 1817 roal

112 1835 127 1866 p.
140 1822 175 1854 rol.
185 1821 200 1853 6.
461 1818 545 1853 ἀνάπαυσις
556 1821 602 1851 αὐτοῦ
614 1820 670 1852 LXX:
683 1822 779 1864 ‘sepulcrum

134 1877 147 1898 1.
170 1866 191 1898 Is.
208 1865 224 1897 lv
242 1877 256 1906 4,
277 1872 285 1905 5
304 1862 364 1906 (Vulg.)
384 1866 431 1897 ‘eece
460 1864 501 1896 eius'
516 1864 563 1906 Vulg.
586 1864 608 1897 N.
623 1864 636 1897 is
649 1865 704 1898 drawn
717 1865 738 1909 by
753 1866 779 1898 the

112 1916 169 1945 testem
176 1910 239 1953 populis
250 1910 287 1942 dedi
297 1920 338 1946 eum,
346 1909 403 1941 ducem
413 1919 431 1941 ac
462 1909 533 1951 ‘surget’
545 1913 561 1940 to
574 1919 600 1941 see
612 1920 621 1941 a
632 1910 713 1953 prophecy
724 1911 743 1942 of
753 1911 780 1943 the

111 1959 230 1999 praeceptorem
237 1954 318 1996 gentihus:
326 1964 362 1985 ecce
367 1957 430 1995 gentem
461 1952 578 1985 Resurrection.

111 2010 160 2043 quam
172 1999 253 2031 nesciebas
266 1998 336 2036 uocahis
350 2002 365 2029 et
376 2001 431 2039 gentes
484 2006 507 2038 [α.
527 1996 611 2038 Ηοε.νί3.
624 1996 779 2040 Vulg.‘quasidilu-

112 2054 153 2088 quae
160 2048 176 2076 te
183 2054 216 2076 non
225 2046 334 2085 oognouerunt
344 2041 364 2074 ad
374 2047 389 2074 te
397 2052 430 2074 cur·
461 2041 514 2074 culum
521 2046 624 2084 praeparatus
632 2046 655 2074 est
661 2052 731 2084 egressus
738 2041 779 2076 eius'

112 2087 157 2121 rent’
179 2088 233 2129 Again
243 2088 271 2119 the
281 2091 315 2120 text
325 2087 339 2118 is
349 2096 405 2118 nearer
414 2091 431 2118 to
462 2086 494 2118 ‘his
506 2087 555 2128 going
566 2085 608 2117 forth
620 2086 634 2118 is
646 2097 663 2118 as
676 2097 711 2119 sure
723 2098 740 2119 as
752 2088 779 2120 the

112 2132 159 2165 LXX
168 2131 261 2173 thaanulg⁴
461 2129 592 2172 morning'RN.
609 2129 640 2161 But
647 2130 695 2162 LXX
703 2130 780 2172 ὠςόρθραν

133 2176 148 2209 ό.
173 2179 192 2208 in
210 2176 315 2216 humilitate]
330 2174 362 2211 ⁴the
379 2175 431 2207 words
461 2175 521 2215 ἕτοιμον
531 2174 612 2216 εὑρήσομεν
622 2175 674 2207 αὐτόν.
695 2176 738 2209 Note
746 2177 780 2209 that

112 2222 172 2263 belong
189 2221 238 2261 really
255 2225 272 2252 to
289 2220 317 2252 the
333 2223 371 2250 next
387 2229 431 2251 verse
460 2219 498 2251 here
505 2219 532 2251 the
539 2218 604 2251 writers
615 2223 648 2250 text
658 2220 730 2262 diverges
740 2231 780 2253 even

113 2262 431 2307 (Is.liii8):whereCheynetranslates
461 2263 502 2295 from
516 2262 570 2295 LXX.
592 2262 614 2293 N.
629 2273 695 2306 appears
709 2269 726 2296 to
739 2264 780 2297 have

114 2309 190 2351 ‘through
195 2307 300 2352 oppression!
315 2307 362 2349 Vulg
368 2307 397 2339 has
404 2307 431 2340 ‘de
461 2307 541 2349 sorgotten
548 2307 582 2338 that
589 2306 610 2339 he
618 2307 670 2349 began
679 2308 718 2340 with
729 2308 780 2341 ‘hune

113 2352 204 2397 angustia':
213 2353 261 2385 LXX
268 2354 284 2385 ἐν
293 2349 312 2394 τῇ
318 2352 415 2385 ταπεινώσει.
462 2351 523 2392 Isaras:
533 2352 565 2384 and
574 2351 602 2383 has
611 2352 702 2385 mentioned
709 2364 731 2385 no
737 2353 780 2386 fresh

145 2423 148 2430 .
172 2398 194 2430 Is.
201 2397 224 2429 hii
243 2421 246 2429 .
461 2407 514 2428 name.

134 2406 149 2484 ir.
171 2406 431 2482 uomorirpragacet.]1s,liit3
484 2451 508 2482 15.
530 2438 674 2481 Pscix(ox)r,e.
714 2456 716 2459 ν

114 2482 432 2527 [ΧΧάνθρωποςἐνπληγῇιένκαὶείδὼς
484 2486 508 2517 18.
529 2484 626 2525 collocatur]
635 2484 779 2528 ‘isrepresented':

114 2532 165 2572 φέρειν
176 2530 259 2569 μαλακίαν,
270 2530 318 2571 Vulg.
334 2528 392 2560 ‘uirum
403 2529 431 2560 do·
461 2528 482 2561 cf.
489 2539 505 2570 p.
516 2539 535 2571 αα
542 2529 553 2560 l.
563 2534 641 2570 rosupea.
664 2529 689 2561 Ps.
697 2530 708 2561 ii
716 2532 731 2562 8.

114 2575 165 2608 lorum
184 2578 200 2606 et
219 2573 294 2605 scientem
313 2571 431 2604 infirmitatem.'
483 2584 508 2606 eo.
530 2571 596 2604 Pslxxi
603 2571 654 2616 (lxxii)
664 2585 677 2605 1.
