1746 2903
117 169 142 211 32
381 168 520 202 Novariam
759 169 782 209 [x

116 277 174 316 quare
188 260 244 303 talis?
258 263 290 302 uel
303 275 341 314 qua
354 259 419 301 uenire
432 259 524 314 potuisti?
539 260 570 300 uel
583 275 641 313 quare
654 276 694 302 non
704 262 729 302 ad
740 267 784 302 tuos

115 329 177 381 abisti,
192 328 228 370 nisi
243 330 296 381 quod
311 328 396 382 probasti
411 336 454 369 tuos
468 341 507 368 non
523 328 598 378 habere,
613 329 659 369 dum
673 331 698 370 ad
711 329 784 370 alienos

110 395 184 437 uenis?
198 395 244 448 quid
253 394 288 435 tibi
297 408 341 435 curn
350 395 423 435 mundo
433 393 535 434 creatoris?
548 393 594 445 qnid
606 393 640 434 tibi
652 410 697 436 curn
706 395 784 436 homine

117 463 233 506 conditoris?
247 462 294 513 quid
307 461 341 502 tibi
355 475 398 502 curn
412 462 503 513 figmento
516 461 604 513 corporis,
618 463 648 502 cui
662 463 717 515 eripis
729 477 783 515 spem

97 527 271 580 5resurrectionis?
284 528 330 582 quid
339 528 363 568 ad
373 527 456 568 alienum
467 527 520 568 uenis
533 528 630 579 famulum,
642 528 725 569 alienum
736 528 786 569 solli-

117 598 174 638 citare
188 595 283 637 desideras
298 595 371 635 filium?
387 595 434 646 quid
448 610 479 635 me
493 609 504 635 a
518 595 597 636 domino
611 595 682 648 eripere
697 595 785 636 conaris?

117 664 163 717 quid
173 676 203 705 me
212 663 232 703 in
241 670 314 716 patrem
322 662 454 715 blasphemare
463 669 520 713 atque
528 661 608 715 impium
620 675 660 703 esse
672 661 786 715 compellis?

118 739 150 773 aut
159 732 206 783 quid
215 744 257 771 sum
266 745 278 771 a
286 738 305 771 te
314 730 333 770 in
342 729 479 771 resurrectione
488 738 628 781 consecuturus,
640 731 673 784 qui
682 744 713 771 me
722 729 785 782 ipsum

118 811 158 838 non
175 796 250 849 recipio,
270 799 316 851 dum
335 810 403 849 corpus
418 797 503 837 amitto?
524 797 540 837 si
560 799 632 838 saluare
653 797 686 847 uis,
709 796 786 838 fecisses

87 877 110 904 10
118 862 216 905 hominem
230 863 260 904 cui
272 864 352 903 salutem
364 864 423 903 dares.
451 862 466 903 si
478 876 489 902 a
501 862 571 903 delicto
584 862 655 915 eripere
668 862 727 916 cupis,
741 871 786 905 ante

119 930 203 969 mihine
217 930 346 980 delinquerem
360 929 476 968 contulisses.
503 931 555 980 quod
568 936 631 968 autem
645 921 708 968 tecum
723 930 786 968 suffra-

118 995 170 1049 gium
184 993 291 1034 circumfers
305 992 365 1045 legis?
379 994 430 1045 quod
446 993 505 1033 habes
520 993 649 1034 testimonium
664 993 786 1046 propheticae

120 1062 188 1103 uocis?
200 1068 233 1101 aut
242 1061 288 1113 quid
297 1059 343 1100 mihi
352 1074 430 1112 possum
440 1062 464 1100 dc
476 1067 495 1099 te
505 1060 587 1101 solidum
597 1062 730 1113 repromittere,
741 1076 785 1102 cum

119 1136 137 1169 te
147 1127 222 1168 uideam
232 1126 251 1167 in
263 1128 395 1179 phantasmate
407 1134 426 1167 et
438 1140 477 1167 non
489 1126 509 1167 in
521 1127 615 1168 soliditate
629 1128 717 1170 uenisse?
738 1129 785 1181 quid

88 1205 109 1245 15
119 1208 163 1247 ergo
172 1194 207 1234 tibi
215 1207 260 1233 cum
270 1195 329 1245 figura
338 1195 426 1245 corporis,
434 1193 450 1233 si
457 1207 524 1245 corpus
532 1194 603 1235 odisti?
616 1194 675 1236 immo
684 1195 786 1236 reuinceris

120 1260 203 1311 corporis
215 1261 268 1310 quod
279 1260 336 1299 odisti
348 1259 467 1299 circumferre
481 1260 611 1309 substantiam,
625 1261 678 1301 cuius
691 1261 786 1312 suscipere

119 1325 196 1368 uoluisti
208 1326 265 1366 etiarn
278 1328 367 1377 figuram:
384 1324 447 1365 odisse
460 1324 511 1365 eninr
525 1325 617 1366 debueras
630 1325 713 1378 corporis
726 1325 787 1366 imita-
826 1351 828 1353 ·

120 1393 198 1440 tionem,
208 1391 224 1431 si
232 1393 299 1433 oderas
308 1390 412 1431 ueritatem.
439 1390 530 1443 quoniam
541 1392 556 1431 si
567 1393 613 1432 alter
624 1406 650 1442 es,
660 1392 713 1432 aliter
722 1392 787 1432 uenire

694 1458 697 1476 l

122 1535 188 1576 cording
202 1539 219 1566 to
233 1534 314 1567 Marcion:
333 1544 359 1575 cp.
374 1533 441 1565 Tertull.
468 1533 623 1576 togivesalvation!
646 1536 734 1574 ‘Fecisses’
744 1538 787 1579 ‘past

122 1581 159 1613 adra
170 1579 223 1611 Marc,
234 1578 250 1610 iv
262 1589 279 1611 11
293 1577 352 1610 ‘subito
363 1576 439 1617 Christus,
466 1577 533 1619 jussive'
547 1578 650 1621 subjunctive,
665 1591 682 1612 as
696 1581 788 1613 sometimes
850 1589 852 1592 ’

122 1624 174 1659 subito
187 1629 202 1656 et
215 1623 292 1655 loannes:
308 1621 330 1655 sic
341 1625 377 1654 sunt
388 1621 441 1654 omnia
468 1622 485 1653 in
493 1622 557 1656 Cicero:
566 1633 584 1656 so
591 1623 651 1657 innext
658 1630 736 1664 sentence,
748 1626 786 1667 ‘you

122 1669 165 1712 apud
171 1666 281 1698 Marcionem'
468 1666 526 1698 should
540 1667 581 1699 have
599 1668 680 1700 bestowed
695 1680 716 1700 on
731 1680 756 1701 ine
770 1670 787 1701 in

145 1725 157 1744 1.
186 1719 220 1751 qua
237 1713 295 1743 uenire
314 1710 393 1750 potuisti}
411 1709 442 1753 ‘by
468 1710 539 1743 advance
552 1722 573 1743 an
585 1711 668 1755 immunity
680 1713 742 1756 against
755 1713 787 1745 sin·
820 1737 822 1739 -

123 1759 166 1790 what
176 1754 230 1797 way?'
468 1755 518 1798 ning.'
540 1756 632 1788 ADocetic
642 1757 695 1790 Christ
705 1758 752 1790 could
759 1764 799 1791 nota

146 1812 159 1833 a.
188 1801 222 1832 ursi
239 1801 284 1839 quod
298 1798 381 1839 probasti]
397 1798 442 1831 ‘Nisi
469 1799 510 1832 have
520 1800 570 1832 either
577 1800 644 1834 suffered
654 1802 678 1834 lor
686 1813 715 1834 our
723 1801 760 1842 sins,
770 1813 789 1835 or

123 1843 176 1890 quod’
186 1844 216 1876 and
228 1844 267 1876 ‘nisi
278 1841 364 1886 quoniam,'
374 1842 406 1874 like
416 1842 443 1874 the
469 1843 510 1875 risen
520 1844 537 1876 in
545 1844 571 1876 the
580 1844 619 1876 flesh
626 1844 651 1877 for·
658 1846 685 1878 the
694 1846 763 1889 promise
771 1847 789 1879 ol

124 1889 196 1923 classical
205 1888 242 1919 ‘nisi
249 1886 299 1925 forte,’
305 1886 368 1929 append
376 1887 403 1919 the
408 1892 442 1918 true
469 1898 497 1920 our
505 1889 612 1929 inrmortality.

124 1932 226 1968 alternative:
243 1933 280 1964 ‘but
293 1931 320 1963 the
333 1930 365 1962 real
376 1931 420 1963 truth
429 1931 443 1963 is
492 1940 515 1964 rr.
539 1934 644 1974 suffragium]
663 1946 677 1961 =
691 1934 788 1976 suffragatio-

124 1976 201 2011 thatete¹
342 2019 346 2034 ί
365 2018 368 2024 ⁴
470 1985 512 2016 nem,
527 1976 611 2019 ‘support’

337 2034 339 2037 ,
611 2023 614 2037 r
695 2033 697 2043 ,
713 2032 716 2038 .
784 2023 788 2037 v

125 2019 444 2099 tiss'irssisslshlffri?iilslhhailil!
471 2021 788 2107 salluii-{ilailivllllll‘iiiilh

125 2107 229 2151 lievebody':
236 2118 251 2139 a
257 2106 322 2150 abfrap.
330 2106 371 2149 3311·
378 2118 443 2148 io—r5a
472 2115 486 2149 7,
493 2108 546 2141 where
555 2108 629 2141 however
638 2109 664 2142 the
672 2110 724 2152 μορφὴ
734 2110 790 2143 δούλου

147 2166 161 2197 5.
183 2155 256 2186 alienum
261 2151 350 2192 ramulum]
362 2151 392 2195 Cp,
399 2151 444 2184 ‘alie
470 2151 483 2184 is
491 2151 524 2186 also
531 2152 617 2186 attributed
624 2158 641 2186 to
649 2153 714 2196 Christ).

126 2210 164 2234 num
172 2196 241 2231 sernum'
249 2198 296 2230 Rom,
304 2196 330 2228 xiv
336 2208 351 2237 4.
492 2197 512 2229 ib.
533 2198 631 2238 reuinoeris]
645 2203 676 2230 ¹art
687 2198 762 2241 proved’:
777 2200 792 2232 if

97 2259 99 2263 ν
147 2246 162 2276 8.
184 2244 214 2282 qui
223 2250 249 2274 me
261 2244 317 2280 ipsum
327 2249 363 2272 >non
375 2240 444 2280 recipio]
471 2241 789 2286 thetrueChristhatedtherealityola

127 2290 151 2321 ‘in
159 2288 192 2320 that
200 2287 208 2319 I
216 2287 237 2318 do
245 2285 406 2326 notrecovernrysell
411 2286 445 2326 (my
471 2285 520 2327 body,
533 2286 560 2318 He
572 2286 625 2317 would
637 2287 677 2318 have
688 2287 736 2319 hated
750 2299 789 2320 even

126 2327 444 2375 personalidentitylinlosingnryhody.'
471 2329 492 2361 its
500 2330 595 2362 semblance.
617 2330 790 2372 Theargumentturns

127 2376 162 2409 The
169 2375 211 2417 hope
219 2373 237 2405 of
242 2385 251 2406 a
258 2373 313 2413 hodily
321 2373 424 2405 resurrection
431 2372 445 2404 is
472 2383 493 2405 on
505 2373 537 2405 His
549 2373 598 2415 being
612 2373 682 2406 Himselt
693 2375 719 2407 the
732 2375 788 2408 Trurh.

127 2419 185 2462 clearly
198 2418 251 2451 bound
266 2429 287 2461 up
300 2416 338 2449 with
351 2415 378 2449 the
390 2416 445 2458 bodily
471 2416 541 2459 Jaclrson
551 2422 607 2460 quotes
616 2417 682 2451 Tertull.
691 2419 728 2451 adu.
736 2419 789 2452 Marc.

128 2462 239 2499 Resurrection
254 2462 272 2495 of
286 2462 313 2494 the
328 2461 372 2493 Lord
386 2461 402 2493 in
418 2461 445 2494 the
471 2461 489 2493 iii
500 2472 519 2495 10
529 2465 564 2494 ‘cur
574 2462 616 2494 enim
626 2473 658 2496 non
669 2464 685 2495 in
696 2464 748 2506 aliqua
759 2465 791 2497 alia

127 2509 172 2543 mind
182 2508 200 2540 of
209 2507 231 2539 all
241 2506 320 2549 primitive
331 2505 423 2539 Christiana,
472 2506 544 2547 digniore
561 2507 649 2539 substantia
669 2508 717 2548 uenit,
737 2513 753 2540 et
773 2510 789 2542 in

148 2564 163 2597 9.
187 2551 212 2583 ‘lf
226 2561 256 2592 you
271 2550 311 2582 uu'sh
324 2554 340 2582 to
358 2561 400 2590 save,
414 2560 445 2591 you
472 2550 528 2592 primis
539 2561 572 2588 sua,
579 2562 600 2583 ne
610 2556 625 2582 et
636 2552 702 2594 indigna
712 2556 728 2584 et
738 2552 791 2586 aliena

127 2596 177 2640 ought
182 2600 199 2628 to
206 2595 246 2627 have
253 2594 300 2626 made
307 2604 317 2625 a
324 2604 361 2625 man
369 2598 385 2626 to
392 2593 445 2625 whom
472 2594 551 2627 uideretur
558 2594 635 2637 eguisse?⁵
