1746 2903
70 165 109 206 XV]
264 164 299 196 DE
316 162 402 195 TRINIT
400 163 414 194 Α
419 162 449 194 TE
464 161 538 194 LIBER
713 153 736 198 51

71 264 114 313 deo,
122 263 169 303 dum
178 261 211 315 qui
220 263 311 315 processit
316 272 386 309 sermo,
394 261 442 301 deus
451 267 480 300 est
489 258 522 312 qui
531 257 623 312 processit
632 271 655 298 ex
661 258 704 298 deo.
723 256 742 297 si

72 330 130 369 homo
137 330 271 370 tantummodo
279 328 370 377 Christus,
379 328 478 380 quomodo
485 326 519 366 ait:
529 328 593 376 siquis
600 327 674 365 uerbrcm
682 338 742 364 meum

71 397 178 444 seruauerat,
186 401 260 435 azoaram
267 410 302 435 non
310 395 379 434 radebit
385 396 404 434 z'u
410 395 514 433 arternum?
529 400 609 433 mortem
616 391 636 431 in
643 399 742 432 aeternum

72 473 112 499 non
124 460 194 510 uidere,
204 460 251 513 quid
263 460 315 499 aliud
327 472 385 511 quam
398 457 528 498 immortalitas
542 459 584 497 est?
610 456 742 497 immortalitas

73 532 136 565 autem
151 524 246 565 diuinitati
258 525 310 565 socia
322 532 355 574 est,
367 523 412 576 quia
424 531 443 564 et
455 522 544 565 diuinitas
556 522 667 563 immortalis
679 530 712 572 est,
723 529 761 569 et5

72 589 204 630 immortalitas
220 588 325 631 diuinitatis
340 590 411 629 fructus
427 596 460 630 est.
488 589 522 629 sed
538 587 589 629 enim
605 587 667 629 omnis
682 588 741 629 homo

73 656 157 703 mortalis
169 663 197 698 est
203 670 208 707 ς
224 655 354 696 immortalitas
367 662 430 697 antem
443 669 466 696 ex
478 653 552 696 mortali
565 668 604 695 non
618 660 681 707 potest
694 667 740 696 esse.

74 737 118 777 ergo
127 737 150 764 ex
160 722 236 764 Christo
246 723 324 763 homine
336 722 411 764 mortali
422 721 552 763 immortalitas
562 734 601 762 non
612 727 674 775 potest
683 720 741 762 nasci.

73 791 108 829 sed
116 791 150 840 qai
158 790 232 828 tardam
240 779 426 840 crastudt'eritjinquit,
436 800 499 836 marran,
510 792 584 826 niualem
596 799 631 825 nun
644 787 711 825 tradedit
722 787 741 825 in

73 860 172 894 oeternum.
200 868 244 907 ergo
262 855 342 894 uerbum
359 852 430 894 Christi
444 859 526 906 praestat
541 851 706 909 immortalitatem¹
724 858 743 891 et
753 869 776 894 10

74 935 108 974 per
117 921 277 963 immortalitatem
290 928 373 975 praestat
385 921 509 962 diuinitatem.
537 921 589 972 quod
602 919 668 961 sinon
681 926 743 972 potest

75 988 162 1028 exhibere
180 995 201 1027 ut
218 988 344 1029 immortalem
365 990 444 1029 alterum
465 987 521 1028 faciat
538 986 579 1040 ipse
598 986 687 1037 mortalis,
705 988 743 1028 hoc

75 1063 138 1095 autem
153 1054 224 1097 Christi
237 1055 317 1096 uerbum
330 1055 407 1096 exhibet
420 1054 489 1108 pariter
504 1062 523 1095 et
537 1061 619 1107 praestat
633 1053 744 1095 immortali-

75 1129 140 1169 tatem,
160 1134 200 1161 non
217 1121 283 1177 utique
300 1124 359 1163 homo
376 1130 451 1162 tantum
468 1129 502 1169 est,
519 1121 552 1173 qui
569 1128 651 1172 praestat
668 1120 743 1161 immor-

75 1187 171 1235 talitatem,
191 1203 254 1240 quarn,
271 1189 286 1228 si
302 1190 436 1230 tantummodo
452 1190 510 1230 homo
527 1196 581 1237 esset,
596 1196 689 1240 praestare
703 1202 742 1229 non
754 1201 775 1240 15

75 1260 144 1304 posset.
172 1255 286 1305 praestando
306 1261 370 1294 autem
390 1253 509 1294 diuinitatem
526 1267 560 1305 per
577 1252 742 1302 immortalitatem,

75 1322 133 1361 deum
143 1334 162 1361 se
173 1321 241 1374 probat
250 1320 369 1361 diuinitatem
379 1319 497 1374 porrigendo,
508 1334 571 1373 quam,
582 1319 618 1361 nisi
629 1321 676 1360 deus
688 1327 743 1369 esset,

75 1395 169 1439 praestare
179 1400 218 1426 non
227 1395 296 1439 posset.

115 1452 135 1493 Si
155 1454 213 1492 homo
231 1455 365 1493 tantummodo
385 1452 476 1501 Christus,
492 1453 590 1503 quomodo
607 1452 679 1503 inquit:
702 1459 744 1492 urite

77 1520 174 1560 Atratum
188 1532 216 1569 ego
230 1521 285 1559 sacar?
311 1533 368 1560 nemo
382 1519 433 1559 enim
447 1519 547 1559 hominum
563 1526 607 1559 ante
621 1531 664 1558 eum
681 1526 743 1570 potest
753 1533 777 1559 20

76 1600 117 1625 esse
132 1599 156 1624 ex
172 1598 210 1636 quo
226 1584 266 1635 ipse
284 1591 313 1624 est
318 1598 324 1633 3
344 1598 380 1624 nec
397 1590 460 1635 potest
478 1583 518 1622 fieri
536 1590 558 1623 ut
575 1583 677 1635 quiequam
692 1583 743 1635 prins

108 1692 125 1715 ar
138 1680 295 1724 quiequam...ipsum
305 1694 325 1722 γε
340 1681 498 1725 quidquam...ipsam
511 1682 548 1715 Pa:
560 1682 644 1725 quisquam
655 1682 680 1723 [at
689 1682 742 1725 Ja.]...

76 1738 110 1781 ipse
118 1737 169 1779 Mign.
711 1744 713 1747 ’

97 1847 110 1868 a.
132 1835 176 1877 John
182 1835 210 1867 viii
218 1845 242 1878 51⁴
425 1836 461 1869 idea
470 1837 483 1870 is
492 1837 541 1879 really
549 1837 575 1869 the
585 1837 627 1870 basis
638 1838 656 1870 of
664 1837 743 1870 Christian

96 1893 111 1921 4.
133 1881 252 1911 immortalitas
265 1881 329 1919 autem]
340 1880 391 1912 Wisd.
425 1881 517 1923 mystictsm.

75 1923 91 1954 vi
103 1934 123 1955 ao
136 1922 239 1965 ‘incorruptio
250 1928 302 1956 autem
313 1924 350 1957 iacit
360 1933 393 1957 esse
448 1934 471 1968 19.
494 1927 534 1957 ante
547 1925 637 1965 Abraham]
655 1925 703 1967 Vulg.
716 1926 742 1968 Jo.

75 1967 165 2010 proximum
176 1967 223 1999 Deo?
245 1968 275 2001 See
285 1967 391 2008 Introd.§6,
426 1968 453 2000 viii
464 1971 483 2010 58
497 1970 588 2011 ‘antequam
599 1969 620 2001 A.
632 1969 687 2002 fieret!
708 1970 743 2002 The

76 2012 127 2054 plui.
426 2018 459 2045 text
469 2013 508 2046 used
519 2014 540 2056 by
551 2014 573 2045 N.
584 2014 625 2046 loses
637 2013 660 2055 (as
670 2014 691 2046 do
702 2014 742 2047 Cod,

98 2067 121 2090 10.
152 2058 170 2088 et
196 2064 226 2092 ner
248 2057 394 2089 immortafitatem
427 2057 482 2096 Bezae,
490 2057 588 2090 andcertain
596 2057 644 2091 MSS.
653 2058 703 2092 ottho
711 2059 743 2091 Old

75 2102 152 2139 praestat
164 2101 279 2141 diuinitatem]
294 2111 316 2134 sc.
328 2106 345 2133 to
357 2111 394 2134 men
427 2101 479 2144 Latin)
487 2102 514 2134 the
523 2107 593 2135 eontrast
602 2103 674 2135 between
681 2103 743 2136 created

76 2145 107 2178 His
118 2144 196 2178 brethren.
220 2145 278 2187 Ouing
290 2150 307 2179 to
317 2145 344 2178 the
354 2145 393 2178 diffi-
427 2147 458 2179 and
471 2147 542 2179 absolute
553 2146 631 2179 existence
643 2147 658 2187 (I
670 2145 711 2189 AM)
722 2148 744 2189 hy

76 2191 118 2232 culty
136 2188 154 2221 of
172 2188 199 2221 the
220 2190 277 2227 words,
300 2190 394 2222 Welchman
427 2191 570 2232 omitting‘fieret,¹
578 2191 630 2222 where
639 2191 708 2223 thebest
716 2191 743 2224 Gk

75 2233 136 2265 wished
141 2238 158 2265 to
163 2232 214 2265 inuert
220 2234 263 2265 them
271 2234 313 2275 l‘per
321 2233 393 2267 diuinita-
427 2234 476 2268 MSS
485 2234 526 2267 have
533 2234 610 2275 γενέσθαι.

75 2281 107 2310 tem
120 2281 189 2320 praestat
202 2276 347 2321 inrmortalitatem']
362 2279 393 2310 and
447 2289 471 2310 ar.
493 2279 744 2322 quiequam...rpsum]wrongly

75 2322 151 2364 similarly
156 2321 212 2362 below,
222 2321 323 2365 ‘praestando
330 2322 393 2355 immor·
426 2322 506 2356 corrected
520 2323 541 2366 hy
552 2323 588 2355 edd.
600 2327 617 2356 to
630 2323 741 2366 ‘quisquam...

75 2366 152 2400 talitatem
166 2376 194 2409 per
207 2366 313 2406 diuinitatem,
330 2367 393 2399 immor·
425 2367 531 2409 ipse‚⁷tvhich
538 2367 591 2400 would
596 2367 743 2410 entailameauing-

75 2409 266 2454 talitatemporrigendo'
277 2412 308 2443 But
315 2411 342 2445 the
348 2411 394 2445 effect
425 2411 456 2444 less
466 2411 555 2455 repetition.
576 2412 612 2444 The
621 2412 674 2445 clause
682 2412 705 2452 (in
716 2414 744 2445 the

75 2456 128 2488 would
146 2456 166 2488 be
182 2465 225 2488 mere
243 2456 329 2497 tautology.
358 2456 393 2488 The
425 2456 486 2499 neuter}
499 2456 542 2498 gives
555 2466 564 2488 a
576 2456 654 2488 universal
666 2467 713 2499 scope
726 2461 742 2489 to

75 2499 129 2532 writer
134 2500 204 2532 doesnot
210 2499 301 2542 explainhis
307 2499 394 2533 somewhat
426 2499 452 2532 the
463 2501 536 2543 previous
547 2500 599 2533 clause
612 2499 634 2539 (in
645 2500 672 2532 the
683 2512 743 2533 maseu-

74 2543 113 2575 hold
127 2542 222 2587 expression,
234 2543 286 2576 which
299 2554 307 2576 a
319 2544 352 2576 Pet
367 2543 372 2575 i
383 2556 393 2586 4
425 2544 472 2583 linei:
484 2555 508 2587 cp,
518 2545 553 2577 Col.
564 2544 570 2576 i
581 2552 599 2586 17
611 2542 677 2587 (though
686 2551 714 2578 not
725 2556 745 2577 so

75 2589 106 2620 and
122 2587 210 2631 iJo.iii1
227 2598 264 2631 may
276 2588 335 2630 justily.
358 2588 393 2621 The
425 2588 479 2632 Vulg.)
491 2589 526 2622 ‘He
536 2589 550 2622 is
560 2588 614 2622 before
624 2588 646 2621 all
655 2588 720 2633 things!

639 2669 688 2704 4-2
