1746 2903
43 161 100 199 yffi]
244 161 279 192 nn
295 160 428 192 Trrwrrfrrn
442 156 516 193 rrnnrr
688 158 713 202 45

88 255 155 307 ltaque
169 255 207 295 hoc
221 254 242 294 in
257 256 300 294 loco
316 268 339 294 cx
351 255 426 304 duobus
440 256 519 295 alterurn
532 262 619 296 constare
631 256 715 297 debebit.

49 336 93 362 eum
103 322 153 361 enirn
166 322 287 361 manifestum
300 321 324 361 sit
336 321 401 361 omnia
412 336 453 362 esse
465 324 514 363 facta
526 336 560 375 per
572 322 673 373 Christum,
684 332 716 364 aut

49 395 93 428 ante
106 387 170 428 omnia
184 389 392 440 est‚quonia1nomnia
400 395 437 440 per
447 390 512 440 ipsum,
527 396 546 429 et
558 389 625 429 merito
638 397 657 430 et
668 391 716 431 deus

50 463 87 496 est:
101 463 133 496 aut
146 455 190 508 quin
202 458 261 496 homo
273 463 307 504 est,
321 463 364 508 post
379 455 442 495 omnin
453 463 486 506 est,
496 463 515 496 et
527 456 594 496 merito
608 471 641 509 per
654 456 716 509 ipsum

50 522 97 561 nihil
106 524 177 562 factum
187 531 220 562 est.
248 525 282 562 sed
291 522 338 561 nihil
347 535 381 573 per
392 522 455 573 ipsurn
467 524 538 561 facturn
551 536 592 562 esse
604 536 643 562 non
652 536 716 574 possu-
726 531 735 570 5

51 602 93 629 mus
106 589 179 639 diceres
188 603 232 629 curn
243 588 416 629 animaduertnrnus
429 589 491 628 omnin
500 595 536 640 per
548 590 607 640 ἱρτῑιττι
615 591 669 641 focio
682 603 717 628 esse

51 656 147 709 scripturn.
175 671 214 697 non
227 670 271 708 ergo
280 654 399 709 postomnio
408 663 441 703 est,
452 655 472 696 id
484 663 561 696 estnon
573 657 631 696 homo
643 663 717 696 tontum

52 732 85 775 est,
96 724 128 775 qui
137 731 181 776 post
190 723 255 764 omnin
264 732 297 773 est,
308 724 342 763 sed
354 730 373 763 et
382 724 434 772 deus,
445 723 536 774 qnoniam
545 725 591 763 deus
601 731 645 763 ante
654 723 718 763 omnia

52 798 85 831 est¹
112 780 157 831 ante
169 790 234 829 omnia
246 797 274 829 est
286 788 343 838 enirn,
353 788 439 840 quiaper
446 789 505 838 ipsum
514 792 588 839 aornim
601 804 625 829 ne
635 789 650 829 si
659 790 718 829 honio

52 862 131 903 tanturn,
147 855 194 894 nihil
206 868 240 906 ρετ
250 855 312 905 ipsum
316 869 321 904 3
335 863 368 893 aut
381 854 396 892 si
406 854 470 893 omnia
482 868 515 906 per
527 855 595 907 ipsum,
607 870 646 894 non
660 857 718 895 horno
730 870 752 894 10

52 929 136 962 tanturn:
154 921 245 973 quoniam
264 920 279 961 si
297 921 355 960 homo
373 927 453 969 tantum,
468 935 508 960 non
524 920 588 961 omnia
603 936 637 974 per
650 921 717 974 ipsum,

53 988 112 1028 immo
121 987 168 1028 nihil
178 1002 211 1040 per
219 987 288 1046 ipsum.v
309 986 355 1039 quid
362 1001 406 1040 ergo
413 989 541 1040 respondent?
553 988 600 1028 nihil
609 1004 642 1042 per
650 988 718 1042 ipsum,

53 1062 74 1095 ut
83 1056 142 1096 horno
154 1054 178 1095 sit
190 1057 278 1095 tontum?
291 1055 389 1106 quomodo
402 1054 522 1107 ergoomnia
534 1070 567 1108 per
577 1055 653 1108 ipsum?
675 1071 719 1109 ergo

53 1135 93 1162 non
111 1123 176 1175 horno
187 1122 321 1161 tantummodo
339 1128 373 1170 est,
389 1122 423 1161 sed
441 1128 459 1160 et
475 1123 528 1169 deus,
544 1122 638 1174 siquidem
656 1123 720 1163 omnia

54 1194 98 1227 sunt
110 1200 143 1238 ρετ
155 1186 222 1238 ipsum.
248 1193 269 1225 ut
278 1186 345 1225 merito
354 1186 462 1238 intellegere
469 1187 572 1226 debeamus
579 1201 615 1226 nec
622 1187 719 1227 hominem
731 1196 752 1236 15

55 1266 96 1294 esse
109 1253 205 1294 Christum
214 1253 352 1301 tantummodo,
363 1251 395 1303 qui
408 1259 436 1291 est
448 1258 491 1302 post
504 1252 573 1300 omnia,
584 1254 617 1292 sed
628 1260 647 1293 et
656 1254 719 1301 deum,

55 1333 99 1359 cnm
113 1333 147 1371 ρετ
160 1318 223 1370 ipsum
239 1320 288 1358 facta
304 1318 342 1357 sint
356 1318 425 1357 omnia.
428 1346 503 1356 ..........
509 1319 607 1369 quomodo
622 1318 673 1358 enirn
688 1326 721 1360 ant

54 1383 153 1425 hominem
170 1385 304 1424 tantummodo
320 1383 372 1423 dicas
375 1414 421 1422 ......
424 1397 468 1423 curn
483 1382 537 1423 illum
553 1384 610 1424 etiarn
627 1384 647 1425 in
665 1399 721 1426 carne

88 1472 106 1506 15
117 1464 154 1504 nec]
161 1473 193 1495 non
200 1462 240 1495 coni.
249 1462 273 1505 Ja.
283 1462 339 1494 rectius
346 1472 384 1494 uero
392 1462 485 1495 drcirrsmodi
491 1462 539 1494 uerba
548 1462 618 1504 simplem
624 1468 659 1505 post
668 1464 722 1497 omnia

56 1518 74 1559 (l.
84 1516 108 1559 17)
117 1520 156 1550 ‘nec
163 1518 211 1549 deum
218 1517 334 1553 tantummodo
343 1516 371 1558 qui
381 1522 418 1548 ante
429 1518 483 1548 omnio
494 1521 523 1556 est,
532 1517 559 1549 sed
569 1523 584 1549 et
591 1516 678 1556 hominem,
686 1530 722 1551 cum

56 1585 93 1607 caro
100 1574 150 1606 sactus
157 1573 188 1605 sit.⁵
253 1575 271 1606 18
279 1576 315 1616 post
322 1572 365 1605 dicas
373 1573 422 1605 nescio
429 1573 470 1616 quid
475 1573 551 1606 ariusium
557 1586 562 1607 :
567 1572 642 1616 sortasse,
651 1584 686 1607 cunr
693 1585 722 1618 ρετ

56 1630 108 1674 ipsum
116 1629 157 1661 sacta
164 1628 195 1660 sint
202 1627 261 1666 omnia,
269 1633 297 1660 aut
304 1627 357 1659 deum.

78 1711 92 1732 r.
114 1698 149 1734 Nor
163 1707 201 1740 very
215 1696 289 1739 logically
304 1700 327 1728 set
341 1701 374 1728 out.
402 1700 418 1728 et
425 1694 489 1728 deum':
498 1706 514 1728 ns
521 1695 538 1727 in
545 1696 572 1729 the
578 1696 724 1741 classicalusageof

57 1744 92 1776 The
99 1748 181 1784 argument
189 1743 210 1774 is:
220 1741 233 1773 ir
239 1740 292 1774 Christ
299 1741 346 1772 nrnde
354 1740 376 1772 all
403 1739 448 1772 ‘nec'
463 1740 538 1773 followed
553 1742 574 1783 by
591 1741 628 1773 ‘eh’
649 1742 681 1774 But
695 1743 722 1775 the

56 1788 114 1829 things,
123 1787 149 1819 He
157 1786 170 1817 is
177 1786 231 1818 before
237 1785 258 1817 ull
266 1785 318 1826 things
325 1786 356 1816 and
362 1784 375 1816 is
402 1785 459 1816 lacuna
471 1785 488 1816 in
500 1784 527 1816 the
540 1790 622 1827 argument
633 1786 647 1818 is
659 1797 679 1819 no
691 1787 722 1819 less

57 1831 134 1864 therefore
145 1830 187 1863 God.
209 1830 240 1862 But
251 1829 265 1860 ii
275 1830 301 1860 He
311 1829 324 1861 is
333 1839 376 1861 mere
403 1828 466 1861 evident
473 1829 511 1860 here
518 1828 556 1861 than
563 1829 580 1861 in
588 1829 620 1862 line
628 1831 651 1863 18.

57 1887 100 1915 man,
110 1875 137 1907 He
144 1875 157 1907 is
167 1874 206 1906 after
216 1873 237 1906 all
246 1873 299 1916 things
310 1873 341 1905 and
348 1873 375 1905 did
425 1880 449 1914 17.
471 1873 512 1905 ‘For
522 1872 558 1905 how
569 1884 598 1906 can
609 1884 640 1916 you
650 1884 678 1916 say
688 1875 723 1907 thar

57 1925 85 1952 not
95 1925 146 1952 create
156 1919 204 1951 thenr.
227 1917 375 1950 Thislntterstatc-
404 1918 451 1949 Heis
459 1919 543 1960 onlymnn‚
551 1929 568 1950 or
576 1919 657 1961 onlyGod
665 1919 720 1960 either,

57 1970 101 1997 rnent
107 1963 202 1996 contradicts
209 1963 236 1995 the
243 1962 295 1995 words
301 1961 376 2004 oiScrip·
403 1962 450 1993 when
460 1972 490 2002 you
501 1972 527 1994 sce
536 1962 576 1994 Him
584 1972 601 1994 as
611 1963 638 1995 He
648 1963 661 1994 is
670 1964 686 1995 in
694 1965 722 1996 the

58 2013 97 2047 ture,
113 2008 147 2039 that
165 2007 194 2038 ‘all
208 2005 260 2048 things
274 2014 316 2037 urere
330 2006 377 2037 made
403 2004 452 2037 flesh?
463 2005 491 2037 but
499 2004 552 2037 onthe
559 2009 636 2047 contrary,
647 2015 664 2038 as
673 2006 723 2040 either

57 2051 125 2093 through
133 2050 181 2083 Him'
200 2050 231 2082 and
242 2049 319 2081 therefore
329 2050 356 2081 He
364 2049 377 2081 is
403 2054 459 2081 nature
475 2048 488 2081 is
504 2048 586 2087 observed
604 2049 655 2082 either
674 2051 688 2083 is
706 2051 724 2083 of

58 2101 86 2129 not
95 2096 134 2128 Man
142 2094 189 2128 alone
196 2095 224 2127 but
232 2093 274 2127 God.
404 2093 481 2136 necessity
492 2094 567 2136 accepted
578 2096 596 2126 os
608 2105 628 2127 nn
641 2095 696 2129 article
707 2095 725 2129 of

79 2143 94 2174 8.
116 2140 146 2183 Cp.
159 2139 210 2171 Coli
223 2148 239 2179 17
252 2138 293 2181 ‘ipse
306 2142 377 2170 estante
404 2137 462 2169 belief.’
477 2138 533 2180 Snrely
543 2141 577 2170 ‘aut
585 2138 674 2172 deum'has
681 2140 722 2173 been

59 2186 130 2217 omnes':
142 2184 162 2216 ih.
172 2183 190 2216 16
200 2182 261 2215 ‘omnia
268 2193 296 2224 per
304 2181 367 2224 ipsum.¹
404 2182 440 2219 lost,
451 2181 465 2214 ir
474 2182 542 2224 nothing
552 2192 604 2216 rnore:
618 2183 675 2216 ‘either
686 2186 723 2226 only

79 2238 94 2274 9.
115 2229 143 2270 ns]
154 2227 195 2260 asin
202 2228 224 2267 ri,
232 2238 249 2270 p.
257 2226 282 2269 36.
292 2226 315 2260 18.
405 2226 444 2259 Man
451 2237 469 2259 or
476 2226 513 2268 only
521 2225 573 2261 God’:
582 2226 610 2261 the
617 2227 667 2269 single
674 2234 704 2262 aut
710 2230 723 2262 is

82 2282 105 2314 15.
127 2281 158 2305 neo
176 2274 327 2304 hominem...fnctn
343 2273 378 2302 sint
404 2272 473 2311 scarcely
487 2271 594 2303 translatable.
614 2272 684 2313 Jaclrson
700 2274 723 2305 in·

59 2317 121 2357 omnin]
133 2317 168 2348 The
175 2316 232 2354 words,
241 2325 258 2347 as
267 2313 312 2347 ‘nec'
320 2314 376 2353 shews,
405 2319 449 2353 scits,
461 2314 477 2346 in
489 2325 498 2346 a
509 2315 584 2353 lootnote,
596 2315 636 2347 after
649 2316 723 2348 ‘tanturn-

59 2359 120 2404 require
128 2370 172 2392 some
181 2358 266 2401 balancing
273 2359 331 2394 clause,
339 2357 378 2390 such
404 2357 452 2390 modo
463 2358 513 2390 dicas¹
527 2359 571 2391 ‘curn
581 2369 609 2401 per
620 2359 672 2401 ipsum
682 2360 724 2393 facta

59 2416 76 2437 as
84 2405 118 2436 that
127 2403 179 2436 which
190 2404 198 2435 I
210 2403 250 2435 hove
260 2402 317 2443 placed
327 2402 343 2433 in
351 2403 377 2434 the
405 2402 436 2434 sint
447 2403 506 2443 omnia,
517 2407 544 2435 aut
554 2403 602 2436 deum
613 2406 723 2437 tantummodo

59 2449 119 2481 critical
128 2453 171 2480 note.
192 2448 228 2479 The
238 2447 276 2489 only
286 2446 378 2479 alternative
405 2446 468 2479 dicas¹z
488 2446 541 2479 which
562 2447 595 2480 also
613 2447 680 2490 justifies
697 2450 724 2482 the

59 2493 113 2527 would
123 2493 144 2525 be
155 2497 171 2524 lo
182 2502 251 2534 suppose
262 2492 296 2524 that
309 2490 354 2523 ‘nec'
364 2491 378 2523 is
405 2490 473 2523 ‘etiams
496 2491 528 2523 For
540 2491 574 2524 nisi
586 2493 662 2534 quoniam
671 2504 697 2536 cp.
707 2504 723 2526 n.

35 2577 37 2579 q
59 2537 98 2570 used
112 2542 129 2569 to
143 2537 193 2569 throw
208 2546 218 2567 a
232 2541 279 2567 stress
293 2545 337 2577 upon
351 2535 378 2567 the
405 2545 426 2567 on
436 2546 451 2576 r,
464 2545 480 2579 p.
488 2544 513 2577 32·
522 2546 536 2568 τ.

59 2583 118 2616 second
123 2581 193 2614 member
198 2581 216 2613 of
221 2579 248 2613 the
252 2586 331 2620 sentence,
342 2580 377 2613 ‘sed
