1746 2903
80 140 147 181 XVIII]
205 150 206 153 ¹
274 142 310 175 DE
326 142 459 174 TRINITATE
473 142 547 174 LIBER
719 129 747 181 67

81 249 125 276 cum
134 236 192 276 deum
202 250 247 286 esse,
256 236 289 288 qui
299 250 367 277 uocem
376 235 460 277 audisset
466 235 548 285 infantis,
556 235 662 286 rettulisset,
670 235 746 277 adiecit:

80 307 97 341 et
105 303 177 342 uocauit
185 304 260 353 angelos
268 303 340 343 doraim'
347 294 406 354 rjrfisonr
414 304 469 353 Agar
475 304 497 342 de
504 304 557 351 coelo,¹
571 303 659 354 angelum
666 303 747 342 referens

81 382 122 410 esse
144 383 201 423 quem
224 371 281 411 deurn
304 370 380 419 dixerat,
400 377 419 410 et
441 369 540 410 dominum
560 367 685 422 pronuntians
707 381 748 409 esse

80 449 138 488 quern
149 437 237 488 angelum
248 437 355 476 collocarat.
379 435 450 487 quique
460 436 537 488 angelus
550 443 569 476 et
581 436 628 475 deus
640 436 703 475 adhuc
712 434 748 487 ipsi

81 506 131 554 Agar
141 502 233 555 promittit
244 503 315 543 maiora
329 502 404 550 solacia,
416 503 506 543 dicendo:
521 516 542 542 ne
553 503 647 548 timuerim
660 504 767 548 exaardr'rrz'S

80 571 128 608 enim
137 582 194 608 uocem
199 572 257 619 pueri
267 573 332 609 deloco
341 571 424 608 abierat.
451 583 508 620 surge,
518 583 568 608 some
574 577 661 620 pateram,
671 576 688 608 et
699 575 747 608 lene:

81 636 101 673 in
111 640 180 686 geraram
194 637 241 674 roim
254 649 341 687 nragnam
348 636 420 686 factam
432 649 477 675 erent.
505 635 536 675 hic
549 637 631 689 angelus,
642 635 658 675 si
670 637 747 689 angelus

80 709 154 742 tantum
170 710 203 752 est,
218 717 251 743 cur
266 704 303 743 hoc
319 702 355 742 sibi
371 702 455 743 uindicat
469 710 490 743 ut
504 703 562 743 dicat:
582 705 601 743 ia
615 709 684 755 gentem
699 705 747 747 eninr

81 783 167 821 rrrogrzam
174 770 245 818 sacrum
256 782 301 819 error,
312 783 355 809 cum
368 771 405 809 hoc
417 771 482 821 utique
494 783 554 821 genus
566 770 661 822 potentiae
674 770 705 810 dei
717 769 745 819 sit,

81 835 142 889 angeli
156 850 197 877 esse
209 850 248 877 non
260 835 333 889 possit?
360 849 382 877 err
394 850 433 889 quo
444 836 501 877 etiarn
514 838 560 877 deus
573 838 694 877 confirmatur
706 850 747 878 esse
758 847 781 873 10
811 839 813 842 ’

81 902 114 955 qui
127 904 164 942 hoc
177 911 239 955 potest
252 905 318 943 facere.
347 904 437 955 quoniam
451 912 472 944 ut
485 906 522 944 hoc
533 904 596 956 ipsum
608 904 746 956 comprobetur,

80 969 161 1009 adicitur
173 984 207 1022 per
220 969 331 1023 scripturam
345 970 416 1023 statim:
430 976 447 1010 et
460 972 588 1022 operandas
601 973 659 1010 onrlor
674 971 716 1020 eius,
731 977 749 1009 ct

81 1038 210 1087 rridr'tprrtemn
219 1051 277 1088 aquae
286 1039 346 1085 olicae,
357 1043 373 1076 et
381 1039 431 1086 abrit,
442 1043 459 1076 et
470 1039 620 1088 samaritanam
632 1040 720 1088 deputer,
730 1043 748 1076 et

80 1102 128 1141 deda
133 1109 197 1154 puero,
207 1108 224 1142 et
236 1108 276 1142 erat
287 1105 329 1142 dau
340 1116 380 1142 cunr
388 1109 452 1154 puero.
480 1103 494 1143 si
504 1116 548 1156 ergo
557 1102 588 1143 hic
597 1104 644 1143 deus
654 1110 693 1143 erat
702 1116 746 1143 cum

80 1181 144 1219 puero,
155 1169 188 1221 qui
196 1171 269 1221 aperuit
281 1171 346 1210 oculos
355 1172 410 1221 Agar,
421 1177 441 1209 ut
450 1169 523 1209 uideret
533 1176 612 1223 puteum
621 1183 681 1221 aquae
690 1170 746 1210 uiuae
757 1175 779 1215 15

80 1243 99 1274 et
115 1236 196 1275 hauriret
211 1249 280 1287 aquam
295 1242 371 1288 propter
387 1243 484 1287 urgentem
500 1235 539 1275 sitis
553 1237 696 1286 necessitatem,
715 1236 746 1276 hic

80 1309 143 1342 autem
156 1303 203 1342 deus
213 1316 223 1342 e
232 1303 285 1342 caelo
296 1301 347 1341 illam
357 1310 413 1342 uocat
419 1315 425 1350 3
438 1303 515 1353 angelus
529 1300 596 1349 dictus,
606 1315 650 1341 cum
661 1301 746 1353 superius

80 1382 148 1407 uocem
163 1368 241 1408 audiens
256 1368 354 1408 clamantis
368 1368 421 1419 pueri
439 1369 486 1407 deus
501 1375 550 1407 esset
563 1368 631 1418 potius,
646 1382 686 1407 non
698 1368 746 1407 alius

80 1434 193 1485 intellegitur
211 1449 268 1486 quam
286 1436 363 1486 angelus
378 1448 419 1474 esse
434 1434 502 1485 pariter
520 1441 539 1473 et
554 1435 606 1473 deus.
634 1435 686 1485 quod
702 1448 746 1474 cum

80 1500 129 1552 patri
138 1509 248 1552 competens
256 1509 274 1541 et
283 1501 399 1541 conueniens
406 1514 494 1541 essenon
503 1500 567 1552 possit,
574 1501 606 1552 qui
613 1502 746 1541 tantummodo
756 1513 779 1539 ao

52 1614 54 1616 q
81 1567 128 1606 deus
138 1574 171 1614 est,
176 1575 290 1618 >competens
299 1574 362 1607 autem
371 1580 412 1607 esse
421 1566 481 1619 possit
490 1566 570 1614 Christo,
578 1566 610 1618 qui
617 1580 656 1606 non
665 1574 746 1606 tantum-

80 1634 139 1674 modo
152 1635 198 1674 deus
211 1634 245 1674 sed
257 1641 275 1674 et
288 1634 365 1685 angelus
375 1633 507 1685 pronuntiatus
517 1640 550 1681 est,
561 1632 659 1673 manifeste
668 1640 746 1685 apparet

113 1730 119 1752 r
131 1730 187 1752 uocem
195 1719 255 1752 audiuit
263 1720 327 1753 infantis
334 1732 373 1753 corr.
381 1721 402 1763 Ja
408 1731 428 1753 ex
435 1732 463 1753 ms.
472 1721 523 1753 Wow.
591 1732 601 1761 4
611 1720 677 1762 quique]
679 1719 747 1761 sortasse

80 1776 113 1818 qui.
192 1777 210 1808 18
221 1776 281 1818 potius]
288 1777 349 1818 positus
355 1787 394 1808 corr.
403 1777 427 1818 Ja.

80 1858 134 1889 vatian
148 1858 164 1889 in
175 1858 217 1890 Ο.Τ,
232 1856 334 1900 quotations).
359 1858 397 1889 Gal·
453 1866 477 1898 17.
495 1857 530 1888 ‘He
537 1857 574 1888 who
581 1856 595 1887 is
602 1856 653 1888 called
660 1866 681 1887 an
688 1856 747 1898 Angel,

80 1902 148 1937 landius’
155 1902 244 1944 conjecture
251 1901 345 1933 ‘erautliuit'
352 1900 398 1942 (horn
430 1901 512 1942 although,
526 1900 581 1932 earlier
595 1901 611 1931 iu
624 1901 651 1932 the
662 1901 745 1941 narrative,

81 1945 135 1989 Vulg)
144 1946 157 1979 is
164 1946 279 1979 unvai-tameo
430 1945 477 1978 when
485 1946 512 1977 lle
519 1945 568 1977 heard
579 1945 605 1977 the
613 1955 640 1986 cry
647 1943 665 1977 of
674 1944 701 1977 the
708 1945 745 1987 hoy,

102 2003 116 2032 4.
139 1992 235 2031 collocarat]
258 1991 297 2023 ‘had
317 2001 397 2033 represen-
429 1990 442 2022 it
454 2000 486 2022 uuas
497 1990 550 2021 rather
562 1989 604 2029 God,
618 1989 631 2021 is
644 1989 746 2029 understood,

81 2035 107 2067 ted
114 2035 125 2066 ’:
137 2046 161 2077 cp.
171 2046 197 2078 pp.
208 2045 232 2076 30.
242 2035 266 2073 18,
276 2045 300 2078 95.
309 2036 323 2068 8.
430 2033 466 2066 etc’
487 2033 556 2076 Jackson
569 2034 633 2065 ernends
647 2034 691 2065 Deus
711 2038 749 2066 esset

102 2080 121 2112 lt.
144 2080 212 2120 quique]
232 2080 274 2119 ‘He,
286 2079 334 2121 being
345 2079 398 2121 Angel
427 2079 493 2121 positas,
508 2078 544 2110 thus
558 2078 652 2119 weakening
666 2077 693 2109 the
708 2082 746 2110 text.

81 2124 113 2155 and
124 2123 172 2164 God,’
183 2123 284 2166 introducing
293 2135 302 2156 a
312 2123 353 2156 fresh
363 2134 397 2156 sen·
430 2122 605 2165 Hic...uocat(lepends
613 2132 633 2153 on
643 2122 658 2153 sl
666 2132 708 2163 ergo:
720 2122 747 2155 the

81 2172 131 2199 tenco.
430 2166 504 2206 apodosis
516 2166 571 2206 begins
586 2171 602 2196 at
614 2166 679 2206 arzgelur
691 2166 746 2203 dictus,

103 2209 117 2242 6.
140 2210 248 2243 Gerr.xrri18.
431 2208 656 2251 thesrrbjeettotarellegr'rur.

102 2255 117 2287 8.
139 2264 169 2286 our
176 2257 207 2288 hoo
214 2256 247 2287 sibi
254 2254 293 2295 cen]
306 2254 352 2297 ‘why
360 2254 398 2287 does
452 2265 476 2286 το.
498 2255 593 2291 competens
608 2255 626 2284 et
640 2253 747 2294 conueniens]

80 2298 101 2332 he
108 2299 154 2332 claim
162 2300 189 2333 the
196 2311 249 2343 power
257 2300 275 2333 of
280 2300 373 2342 sayingnr’
432 2298 541 2341 ‘appropriate
555 2298 586 2330 and
600 2297 694 2340 beconriug.¹
716 2298 746 2341 Cp.

104 2355 127 2376 rr,
151 2344 192 2377 Gen.
200 2345 226 2376 xxi
236 2355 258 2387 19,
268 2355 292 2376 20.
430 2347 468 2375 note
481 2354 502 2375 on
516 2346 557 2374 'uon
571 2342 598 2384 qui
614 2342 650 2374 loco
664 2342 747 2381 cludatur‚'

103 2399 126 2429 13.
147 2389 204 2429 uiuae]
214 2390 268 2427 ζῶντος
278 2388 372 2421 LXXrnot
382 2387 398 2420 in
431 2386 512 2430 p.6o.15.
536 2385 746 2428 Agoodinstanceofcom-

80 2432 127 2475 Vulg.
427 2436 480 2474 petere
492 2432 509 2463 in
520 2431 551 2463 this
563 2441 608 2463 sense
620 2431 661 2463 isin
673 2431 716 2464 Tert.
729 2432 747 2463 da

103 2487 127 2517 14.
149 2478 176 2508 hic
188 2480 229 2508 deus
241 2477 285 2517 erat]
307 2477 349 2508 Both
360 2476 398 2508 here
431 2474 747 2517 Bapt.4‘quamquarnad'simplicem

81 2521 112 2552 and
125 2521 142 2553 in
157 2521 189 2553 line
206 2529 224 2563 17
237 2521 295 2561 below,
311 2520 338 2553 the
354 2520 399 2553 word
431 2525 483 2552 actum
491 2524 570 2563 competat
578 2518 675 2550 similitudo'

81 2566 138 2598 ‘deus'
146 2566 175 2598 hus
182 2566 209 2598 the
217 2566 259 2598 force
267 2566 284 2598 of
290 2576 299 2597 a
306 2566 391 2608 predicate.

646 2642 694 2681 5-2
