1746 2903
97 143 109 185 8
317 170 319 172 -
362 152 501 185 narremur
739 154 765 194 [rr

98 264 191 297 sermone,
199 263 235 291 nee
243 249 292 290 edici
299 249 368 301 possit:
381 263 406 289 ne
413 249 429 288 si
435 249 518 301 potuerit
525 248 578 298 edici,
587 250 672 289 humano
679 262 766 289 sermone

98 320 161 361 minor
168 318 196 367 sit,
205 331 248 370 quo,
257 330 301 357 cum
311 315 395 365 edicitur,
404 323 423 357 et
430 316 524 357 circumiri
533 324 551 357 et
561 316 624 368 colligi
632 317 697 370 possit.
716 316 768 369 quic-

99 386 146 439 quid
155 384 206 426 enim
216 373 240 425 de
248 383 281 424 illo
288 382 391 435 cognatum
398 383 458 433 fuerit,
467 383 530 423 minus
537 384 579 436 ipso
588 383 633 425 erit:
643 391 666 437 et
676 384 767 436 quiequid

99 454 219 495 enuntiatum
231 451 291 500 fuerit,
305 450 367 491 minus
380 450 412 491 illo
424 458 554 503 comparatum
566 451 637 493 circum
650 451 713 505 ipsum
727 453 769 493 erit

80 530 89 569 5
100 520 168 561 sentire
178 519 229 558 enim
241 519 294 557 illum
304 518 356 556 taciti
364 518 483 569 aliquatenus
492 532 605 569 possumus3
618 526 639 558 ut
651 526 715 558 autem
727 519 768 570 ipse

101 593 133 637 est,
144 598 231 626 sermone
240 583 333 637 explicare
342 597 381 623 non
392 597 498 635 possumus.
526 583 566 623 siue
575 582 626 624 enim
638 583 691 624 illum
700 583 768 625 dixeris

100 656 168 703 lucem,
185 659 290 693 ereaturam
305 651 364 704 ipsius
379 653 438 704 magis
453 665 511 704 quum
529 651 592 704 ipsum
607 652 675 693 dixeris
683 668 688 702 ;
705 652 768 704 ipsum

101 734 140 760 non
154 717 276 771 expresseris:
293 717 333 757 siue
345 717 398 757 illum
411 717 479 758 dixeris
488 717 581 767 uirtutem,
594 717 699 771 potentiam
710 718 769 770 ipsius

101 785 160 837 magis
181 797 239 836 quam
259 784 321 836 ipsum
342 784 410 823 dixeris
431 791 449 824 et
470 784 619 836 deprompseris:
642 783 682 824 siue
701 783 769 824 dixeris

70 867 93 892 ro
102 852 226 899 maiestatem,
237 852 329 890 honorem
340 850 400 902 ipsius
409 851 468 902 magis
481 864 538 902 quam
549 851 602 889 illum
614 850 676 902 ipsum
689 850 770 902 descrip-

102 918 152 960 seris.
181 924 199 957 et
211 916 258 969 quid
271 930 304 969 per
315 916 388 969 singula
399 930 486 970 quaeque
498 931 608 971 percurrens
620 919 697 970 longum
709 918 770 958 facio?

103 987 162 1027 semel
169 992 230 1025 totum
237 984 347 1036 explicabo:
361 983 453 1036 quicquid
460 984 539 1025 omnino
550 986 574 1025 de
583 985 616 1024 illo
625 985 723 1032 rettuleris,
729 999 770 1026 rem

103 1052 186 1104 aliquam
201 1050 260 1103 ipsius
276 1050 335 1102 magis
351 1058 369 1091 et
378 1050 477 1100 uirtutem,
493 1065 549 1104 quam
566 1051 628 1103 ipsum
643 1052 769 1104 explieaueris.

103 1119 149 1171 quid
159 1117 210 1159 enim
219 1119 243 1159 de
253 1132 276 1159 eo
285 1117 380 1169 condigne
390 1124 423 1158 aut
435 1118 493 1166 dices,
505 1125 538 1158 aut
549 1119 624 1169 sentias,
637 1119 670 1171 qui
681 1119 771 1160 omnibus

72 1197 99 1238 15
103 1195 122 1228 et
136 1185 254 1227 sermonibus
270 1192 289 1225 et
303 1184 389 1225 sensibus
403 1184 463 1225 maior
476 1186 518 1225 est?
544 1184 581 1225 nisi
594 1187 646 1237 quod
659 1200 698 1226 uno
712 1186 771 1226 modo

104 1252 131 1306 (et
143 1253 180 1291 hoe
192 1251 254 1304 ipsum
267 1263 305 1304 quo
318 1251 377 1289 modo
389 1263 495 1303 possumus,
507 1263 545 1303 quo
558 1253 617 1293 modo
631 1251 723 1304 capimus,
732 1266 771 1306 quo

104 1320 163 1359 modo
180 1317 288 1369 intellegere
304 1317 370 1369 licet?>
386 1316 433 1368 quid
450 1316 474 1356 sit
492 1317 539 1356 deus
557 1325 621 1357 mente
635 1317 736 1369 capiemus,
756 1318 772 1358 si

105 1384 249 1439 cogitauerimus
263 1383 283 1425 id
296 1382 349 1424 illum
363 1396 409 1431 esse,
423 1384 476 1435 quod
489 1384 545 1435 quale
557 1391 576 1424 et
589 1392 681 1437 quantum
695 1384 719 1425 sit
732 1399 770 1425 non

104 1451 164 1504 possit
181 1449 269 1501 intellegi,
288 1463 324 1488 nec
342 1449 363 1487 in
381 1448 442 1500 ipsam
463 1449 540 1500 quidem
561 1450 695 1503 cogitationem
712 1453 772 1502 possit

73 1535 96 1561 20
105 1516 174 1558 uenire.
202 1529 246 1555 nam
260 1515 276 1554 si
289 1516 314 1555 ad
326 1514 371 1554 solis
383 1521 480 1566 aspectum
493 1517 591 1555 oculorum
603 1524 710 1556 nostrorum
722 1517 772 1557 acies

138 1638 144 1659 r
157 1637 177 1658 ne
184 1625 216 1658 dici
223 1625 273 1668 possit
280 1635 309 1657 ms.
318 1624 369 1657 Wow.
403 1623 444 1657 edici
451 1624 491 1656 coni.
501 1625 573 1656 Latinius
576 1631 607 1668 pro
614 1626 650 1658 dici.
707 1637 724 1669 ry
735 1628 772 1661 licet

105 1684 139 1716 siue
146 1681 274 1723 interrogationis
281 1686 317 1713 riola
325 1680 361 1713 edd.

127 1798 142 1818 't-
161 1786 178 1815 et
185 1784 270 1815 circumiit
277 1785 294 1813 et
301 1783 365 1822 corrigi]
373 1783 396 1813 ‘to
404 1782 424 1813 be

107 1827 235 1872 comprelrended
242 1827 274 1859 and
281 1826 356 1868 gathered
364 1827 396 1868 up'

128 1888 143 1916 4.
164 1872 423 1910 minusfflooomparatumcir-

107 1927 145 1952 eum
160 1917 223 1957 ipsum]
240 1915 282 1948 ‘will
296 1915 316 1948 be
328 1915 424 1947 incommen-

107 1966 159 1996 surale
174 1961 212 1993 with
227 1959 253 1992 the
268 1969 340 2002 compass
358 1958 376 1991 of
392 1959 423 1990 His

108 2007 144 2041 bein
156 2004 166 2038 .’

128 2016 155 2085 ug
171 2051 207 2081 siue
228 2049 272 2079 enirn
292 2048 341 2079 illum
362 2048 424 2079 dixeris

107 2092 189 2131 lucem..,]
207 2092 254 2124 taken
271 2090 312 2123 irem
326 2090 425 2132 Theophilus

107 2136 182 2172 Antioch,
192 2135 197 2167 i
208 2147 216 2178 3
227 2136 240 2166 et
250 2135 280 2177 γὰρ
287 2135 319 2175 φῶς
327 2135 372 2167 αὐτὸν
380 2136 423 2171 εἴπω,

108 2185 166 2223 ποίημα
177 2181 223 2213 αὐτοῦ
233 2181 275 2212 εἴπω.

130 2238 154 2261 12·
175 2225 321 2264 remmuirtutem]
330 2224 381 2256 ‘some
389 2235 424 2266 pos·

108 2271 167 2305 session
174 2280 192 2303 or
198 2267 259 2302 virtue.¹
283 2268 320 2301 God
329 2268 345 2300 in
355 2268 427 2301 Himself

108 2313 199 2349 trurrscends
211 2313 233 2345 all
245 2313 304 2344 human
316 2312 382 2355 thought
393 2312 425 2344 and

108 2362 191 2403 language,
210 2358 242 2390 and
260 2368 290 2390 ean
307 2356 344 2398 only
360 2357 381 2389 be
398 2357 424 2389 de·

108 2404 170 2437 scribed
182 2402 250 2443 through
261 2401 292 2433 His
302 2401 394 2433 attributes:
409 2401 425 2433 in

109 2446 180 2481 Himself
191 2446 218 2478 He
228 2445 242 2477 is
253 2444 363 2477 unthinlrable.

132 2489 164 2524 m-
177 2492 194 2522 et
204 2492 235 2522 hoe
245 2490 368 2530 ipsum...licet]
390 2488 425 2520 The

109 2535 182 2581 question
189 2535 226 2577 only
234 2533 309 2567 indicates
318 2532 345 2566 the
354 2533 425 2577 paradox

109 2582 127 2615 of
134 2580 188 2623 soying
195 2579 229 2611 that
239 2589 267 2611 our·
277 2579 314 2620 only
321 2589 356 2620 way
363 2578 382 2611 of
388 2589 424 2610 con·

456 1781 518 1822 ceiuing
525 1781 543 1812 of
549 1780 585 1813 God
596 1782 609 1813 is
618 1787 635 1814 to
644 1782 695 1815 affirm
704 1784 738 1816 that
746 1785 773 1817 He

457 1826 469 1857 is
482 1825 604 1858 inconceivable.
628 1827 702 1860 Previous
714 1829 772 1861 editors

457 1869 494 1903 take
502 1869 528 1902 the
535 1870 587 1902 words
595 1881 611 1902 as
617 1882 627 1902 a
632 1871 717 1905 limitation
722 1874 740 1905 ol
746 1873 773 1906 the

457 1919 541 1947 statement
553 1914 654 1957 ‘capiemus’
665 1919 705 1959 ‘quo
715 1918 773 1949 niodo'

456 1959 531 2000 meaning
538 1961 542 1975 ⁴
548 1968 565 1990 as
572 1958 596 1990 iar·
603 1958 630 1991 as.’

478 2013 503 2036 to.
526 2002 552 2034 ‘If
564 2002 591 2035 the
606 2002 656 2035 vision
668 2003 685 2035 of
698 2004 724 2036 the
737 2016 773 2046 eyes

457 2046 512 2087 begins
523 2050 540 2078 to
552 2046 580 2078 fail
590 2056 608 2078 us
621 2046 637 2078 in
648 2046 735 2090 belroldiug
746 2049 773 2081 the

457 2100 491 2126 sun,
500 2100 518 2122 so
530 2089 563 2121 that
574 2089 615 2121 their·
624 2101 662 2132 gaze
674 2097 732 2124 cannot
742 2100 773 2125 rest

457 2144 478 2166 on
491 2134 517 2166 the
530 2135 558 2166 orb
571 2133 617 2173 itself,
630 2137 741 2177 oyerpowered
753 2137 773 2179 by

457 2178 484 2210 the
495 2178 548 2221 bright
561 2189 597 2220 rays
611 2178 645 2211 that
659 2186 700 2213 meet
714 2181 731 2221 ir,
745 2192 774 2214 orrr

457 2222 516 2256 mental
528 2223 579 2256 vision
591 2224 679 2266 undergoes
691 2225 718 2257 the
730 2237 773 2259 same

458 2267 550 2309 experience
557 2266 574 2299 in
581 2267 602 2299 all
610 2278 638 2299 our
645 2267 719 2312 thinking
725 2271 773 2303 about

458 2311 505 2344 God:
516 2312 547 2343 and
555 2311 581 2343 the
591 2322 635 2344 more
644 2313 656 2344 it
666 2319 774 2348 concentrates

457 2355 501 2388 itself
506 2366 527 2388 on
534 2356 561 2388 the
569 2357 692 2398 contemplation
703 2358 721 2390 oi
730 2360 772 2399 God,

458 2400 485 2432 the
494 2409 538 2432 more
548 2401 561 2432 is
571 2400 583 2432 it
592 2399 658 2432 blinded
668 2401 690 2443 by
697 2402 724 2434 the
733 2403 774 2444 light

416 2444 417 2447 ’
457 2443 475 2476 of
486 2444 506 2476 its
516 2441 554 2475 ¹own
565 2443 642 2485 thought.l
664 2445 699 2477 The
711 2446 747 2479 idea
761 2448 774 2479 is

457 2487 517 2565 {halptqf
522 2499 531 2520 a
539 2487 583 2520 mind
594 2488 641 2521 ‘darlr
651 2488 688 2522 with
698 2493 777 2524 excessui

463 2542 479 2576 ig
498 2557 502 2565 .
