1746 2903
372 140 511 174 NOVATIANI

114 140 153 171 120
715 143 780 184 [xxxi

112 244 157 280 sunt
166 238 229 290 patris,
239 237 311 287 merito,
323 236 408 287 dicimus,
419 239 501 278 duorum
510 239 590 278 deorum
600 252 657 291 quam
669 239 700 279 isti
709 241 781 280 confin·

112 314 159 361 gunt
168 305 316 349 controuersiam
326 305 438 347 suscitasset.
462 319 513 346 nunc
522 313 585 360 autem
595 305 686 359 quicquid
698 315 731 358 est,
742 322 781 349 non

113 388 136 414 ex
145 388 165 414 se
178 381 210 421 est,
222 372 266 424 quia
278 386 313 412 nec
322 373 398 412 innatus
411 380 443 421 est,
459 374 493 412 sed
505 386 527 411 ex
539 380 592 423 patre
605 380 638 421 est,
652 373 696 425 quia
706 374 781 425 genitus

113 448 147 482 est.
174 439 215 481 siue
230 441 276 480 dum
292 440 371 482 uerbum
388 446 421 489 est,
438 438 478 480 siue
493 439 539 481 dum
555 438 614 481 uirtus
632 447 665 488 est,
680 440 720 481 siue
735 442 781 482 dum

94 507 205 562 5sapientia
218 514 251 557 θεῖ,
264 505 304 546 siue
318 508 364 547 dum
378 508 410 546 lux
423 512 455 555 est,
471 505 511 546 siue
525 507 570 546 dum
585 506 634 547 filius
648 515 681 556 θεῖ,
696 515 715 548 θῖ
729 508 780 559 quic-

114 574 161 626 quid
174 575 242 613 horum
258 580 291 622 est,
308 574 354 612 dum
369 586 408 612 non
422 573 499 612 aliunde
512 580 545 621 est,
560 586 623 624 quam,
638 574 686 614 sicut
700 574 781 615 diximus

113 640 151 681 iam
169 639 260 692 superius,
279 653 301 679 ex
319 647 376 692 patre,
397 639 445 691 patri
463 653 498 680 suo
518 639 609 692 originem
629 654 683 681 suam
702 642 780 691 debens,

114 707 229 749 discordiam
240 706 343 747 diuinitatis
357 709 381 748 de
393 721 473 747 numero
485 708 567 748 duorum
579 709 658 749 deorum
669 709 730 749 facere
741 723 781 749 non

114 773 181 828 potuit,
193 773 226 827 qui
235 787 258 814 ex
266 774 305 823 illo,
315 773 348 827 qui
360 781 388 815 est
401 787 450 814 unus
463 774 516 822 deus,
526 773 617 827 originem
630 777 726 817 nascendo
738 789 782 817 con-
798 780 801 783 ⁴

83 854 105 879 10
114 841 173 881 traxit.
202 853 240 892 quo
249 853 322 892 genere,
333 841 378 879 dum
390 847 409 879 et
421 840 528 891 unigenitus
541 847 568 880 θεῖ
581 848 599 879 θῖ
611 840 746 892 primogenitus
759 855 782 881 ex

114 908 147 950 illo
159 915 187 948 est
198 906 236 959 qui,
247 906 291 959 quia
301 906 391 958 originem
402 907 514 955 nonhabet,
524 920 573 947 unus
583 915 611 947 θεῖ
623 907 708 947 omnium
720 922 782 948 rerum

115 984 134 1015 θῖ
149 973 262 1027 principium
279 980 297 1013 et
313 980 374 1024 caput,
389 972 460 1013 idcirco
476 986 536 1012 unum
552 974 609 1013 deum
624 973 708 1022 asseruit,
725 987 781 1025 quem

115 1056 154 1082 non
164 1041 199 1081 suh
209 1042 247 1080 ullo
257 1039 349 1092 principio
361 1046 394 1079 aut
405 1040 465 1086 initi0,
477 1041 511 1079 sed
523 1039 596 1079 initium
610 1040 672 1092 potius
685 1048 703 1079 et
715 1039 783 1092 princi-

114 1109 167 1161 pium
176 1121 237 1148 rerum
248 1107 333 1147 omnium
343 1105 479 1158 comprobauit.

83 1187 104 1227 15
153 1174 208 1212 Idem
222 1179 250 1211 est
263 1171 345 1223 denique
357 1171 409 1223 quod
420 1170 467 1210 nihil
480 1185 503 1210 ex
515 1170 591 1211 arbitrio
604 1185 638 1211 suo
650 1170 702 1224 gerit,
712 1185 748 1211 nec
760 1186 783 1212 ex

115 1238 194 1280 consilio
203 1251 237 1278 suo
247 1237 297 1286 facit,
305 1250 341 1277 nec
350 1251 361 1276 a
370 1251 390 1278 se
399 1237 457 1285 uenit,
467 1238 501 1277 sed
510 1235 593 1289 imperiis
602 1237 684 1289 paternis
693 1236 782 1278 omnibus

115 1313 133 1346 et
142 1304 247 1358 praeceptis
256 1304 343 1344 oboedit:
356 1311 376 1343 ut
385 1303 472 1355 quamuis
482 1303 549 1354 probet
556 1304 609 1343 illum
618 1302 706 1343 natiuitas
716 1303 781 1353 filium,
836 1311 842 1314 “’

115 1381 179 1414 tamen
193 1371 284 1423 morigera
297 1370 419 1412 oboedientia
432 1378 502 1411 asserat
514 1370 567 1410 ilium
576 1378 664 1422 paternae
674 1371 781 1421 uoluntatis,

115 1453 137 1479 ex
147 1451 185 1491 quo
198 1445 230 1487 θεῖ,
246 1438 357 1478 ministrum.
387 1437 413 1477 ita
426 1438 472 1477 dum
482 1451 502 1478 se
514 1437 562 1490 patri
575 1437 594 1477 in
608 1437 696 1491 omnibus
710 1439 782 1479 obtem-

148 1537 164 1560 11
176 1528 204 1570 qui
211 1527 248 1569 quia
255 1528 280 1559 ed.
290 1527 334 1559 Paris
343 1535 390 1568 1545:
402 1527 429 1568 qui
437 1538 447 1558 a
455 1527 486 1558 Pa:
497 1527 534 1568 quia
541 1528 562 1558 al.
637 1537 655 1558 ra
667 1526 725 1559 idcirco
733 1537 782 1559 unum
798 1519 799 1522 Ἴ

114 1582 162 1615 deum
175 1581 243 1614 adseruit
255 1582 270 1614 G
281 1593 327 1624 quem
338 1582 412 1624 sequitur
421 1582 453 1613 Pa:
462 1581 473 1613 i.
484 1593 500 1613 u.
512 1582 528 1612 d.
540 1587 603 1625 oportet
613 1582 685 1615 adserere
696 1583 722 1615 ed.
732 1583 782 1616 Paris.

116 1647 160 1681 1545.
201 1647 219 1680 13
227 1637 288 1669 initium
296 1637 349 1679 potius
356 1642 372 1669 et
379 1637 473 1680 principium
482 1637 504 1669 Pa
511 1647 530 1669 aa
537 1649 551 1670 a.
592 1648 609 1679 15
621 1637 641 1669 sic
649 1647 669 1678 y:
681 1636 721 1670 filius
729 1643 781 1670 auteur

114 1692 213 1726 nihilGPa.
632 1691 635 1694 '

114 1771 190 1816 capabilis
204 1776 220 1804 et
232 1770 395 1814 incomprehensibilis
409 1770 431 1811 [et
464 1782 473 1802 a
487 1770 544 1813 logical
560 1776 605 1810 term,
617 1782 667 1813 grato
681 1771 757 1814 denoting
772 1784 781 1805 a

114 1816 214 1856 inuisibilis].¹
466 1815 515 1847 ‘class
526 1816 544 1848 oi
553 1814 602 1848 facts’
616 1826 633 1847 or
646 1816 730 1857 ‘subjeet¹:
746 1817 783 1850 thus

135 1872 149 1894 a.
173 1861 253 1898 quicquid
262 1859 295 1898 est]
306 1870 331 1901 cp.
344 1869 359 1900 p.
371 1858 409 1901 981.
424 1870 430 1890 r
465 1858 532 1899 Quintil.
549 1858 595 1899 (laert.
612 1859 639 1891 Or.
655 1871 665 1891 x
680 1868 694 1900 7λ
712 1861 737 1902 31)
754 1860 782 1893 has

113 1904 152 1937 with
163 1909 205 1936 note.
465 1902 586 1945 irraocgowra
609 1903 655 1945 Iup.
668 1903 782 1945 88l4¹alio

136 1958 149 1990 7.
167 1950 214 1984 patri
220 1955 249 1979 suo
255 1947 364 1986 originem...]
373 1947 434 1988 ‘owing

114 1992 145 2026 His
155 1991 206 2035 origin
213 1997 229 2024 to
239 1991 265 2024 the
274 1991 338 2031 Father,
350 1991 376 2023 He
386 1990 433 2023 could

113 2042 141 2069 not
155 2036 227 2068 occasion
242 2045 273 2078 any
287 2035 359 2068 varianae
375 2036 391 2067 in
406 2034 433 2067 the

114 2079 432 2122 DivineEssencebymakingtwoGods3

112 2124 137 2158 sor
146 2124 173 2158 He
183 2124 227 2157 drew
238 2124 269 2156 His
278 2123 329 2166 origin
338 2123 359 2165 by
367 2134 431 2165 genera-

108 2170 147 2201 tion
159 2168 199 2200 from
212 2167 239 2201 the
252 2168 288 2201 One
299 2167 341 2200 God.
369 2168 389 2199 ln
400 2167 431 2200 this

113 2217 171 2255 aspect,
181 2211 228 2245 while
236 2211 263 2244 He
272 2211 286 2244 is
295 2211 335 2244 both
344 2210 371 2243 the
381 2210 430 2252 Only-

112 2256 193 2299 begotten,
211 2256 243 2288 and
261 2255 287 2288 the
306 2255 430 2296 First-begotren

113 2300 153 2334 from
165 2299 204 2333 Him
218 2299 254 2333 who
268 2299 281 2333 is
294 2299 360 2333 without
373 2298 428 2342 origin,

112 2344 431 2387 thereisbutOnewhoistheheginning

112 2392 144 2423 and
151 2390 193 2423 head
200 2389 217 2422 of
223 2389 245 2421 ali
252 2388 316 2431 things)
333 2390 430 2421 Dammana
448 2389 450 2392 ’

113 2435 181 2467 daturam
196 2443 277 2475 expresses
293 2433 319 2466 tlre
337 2443 391 2466 means
408 2433 430 2476 by

112 2479 164 2510 which
180 2478 256 2509 discordia
270 2478 323 2509 would
337 2477 357 2509 be
371 2477 429 2508 made:

112 2522 144 2554 and
154 2521 167 2553 is
174 2520 208 2553 best
219 2521 302 2563 explained
311 2521 333 2563 by
343 2520 369 2553 the
378 2520 429 2553 words

465 1957 522 1988 genere
532 1948 607 1979 aduersus
617 1947 653 1979 illos
662 1947 782 1987 reluctandum

466 1990 492 2023 the
500 2002 527 2023 nse
535 1991 548 2023 is
555 1991 620 2034 slightly
627 1991 704 2024 different.

487 2045 510 2068 ra.
538 2036 701 2076 idoneo..,asseruit]
724 2037 783 2070 Idcirco

465 2079 510 2110 takes
518 2090 540 2121 up
547 2079 585 2110 datm
594 2078 611 2121 (l.
621 2081 655 2121 10};
665 2080 689 2112 for
697 2080 723 2113 the
731 2091 781 2120 sense,

464 2133 489 2164 cp.
497 2123 523 2155 the
529 2123 590 2165 closing
595 2124 646 2156 words
654 2125 672 2156 of
677 2124 704 2156 the
711 2126 781 2168 chapter.

464 2166 499 2199 The
509 2167 570 2208 subject
580 2167 597 2199 of
604 2169 710 2209 conprobauit
717 2169 755 2211 (and
765 2171 783 2202 of

464 2209 550 2252 ‘asseruit⁷)
566 2215 608 2243 must
625 2211 646 2243 be
667 2211 738 2250 ‘Chrish'
753 2220 781 2246 not

464 2253 559 2296 ‘Scriptura'
568 2265 585 2287 as
597 2254 675 2288 Pamelius
686 2262 761 2300 suggests.

485 2308 508 2341 15.
531 2301 575 2332 idem
596 2302 622 2332 est
643 2303 714 2340 dentque
736 2306 781 2341 quod

462 2344 512 2384 nihii]
529 2344 554 2377 ‘It
568 2344 586 2384 is
603 2346 708 2387 accordingly,
724 2346 742 2378 of
753 2347 780 2380 the

463 2398 506 2420 same
515 2388 573 2431 import
584 2388 618 2421 that
630 2389 656 2422 He
666 2390 704 2422 does
713 2391 781 2434 nothing

463 2432 480 2464 os
486 2432 517 2465 His
523 2443 559 2466 own
565 2432 597 2465 will
603 2433 702 2467 orcounsel.'
716 2435 760 2467 Μῖνι
768 2437 781 2468 ἰε

462 2482 521 2508 neuter.

484 2530 507 2563 19.
531 2528 551 2553 ex
568 2528 601 2559 quo
619 2521 652 2562 est]
670 2520 745 2565 referring
764 2528 780 2556 to

112 2566 130 2599 of
136 2576 151 2609 p.
163 2565 209 2606 3711.
221 2572 285 2609 17-19.
309 2566 343 2606 Quo
351 2574 407 2607 genere
416 2565 429 2597 is
458 2568 535 2605 patanae
546 2563 631 2607 t=patrisl
