1746 2903
100 175 128 217 60
364 184 504 218 nonnarum

712 186 769 229 [xvu

101 285 172 328 scilicet
185 284 221 334 dei,
231 290 331 336 perquem
339 283 392 335 fucta
405 284 528 332 suntrana,
542 288 559 324 et
570 283 607 324 sine
619 296 654 335 quo
662 284 736 336 factum
746 290 773 325 est

102 353 154 392 rrr'lrr'l.
189 353 226 390 hoc
240 357 303 389 autern
317 351 398 389 uerbum
414 363 457 388 caro
471 351 542 388 factum
558 357 592 398 est,
607 357 626 388 et
640 350 733 389 habitauit
751 351 770 389 in

102 416 167 461 nobis:
186 430 229 469 ergo
246 416 332 458 Christus
350 423 379 457 est
395 417 447 457 deus.
476 429 510 468 per
525 416 622 457 Christum
640 416 695 468 igitur
711 419 771 458 homo

103 487 163 527 factus
186 490 220 532 est,
242 490 264 523 ut
286 496 319 535 per
342 481 374 523 dei
396 482 462 523 filium.
498 483 532 523 sed
556 484 603 523 deus
625 482 723 524 hominem
745 486 770 525 ad

84 551 205 603 5imaginem
222 550 254 590 dei
271 549 324 599 fecitj
344 551 391 590 deus
409 557 438 590 est
455 563 499 602 ergo
517 549 550 602 qui
568 549 613 589 fecit
630 549 728 590 hominem
746 553 771 591 ad

103 618 205 670 imaginem
216 616 248 658 dei
254 632 259 667 3
272 617 320 657 deus
331 630 375 669 ergo
388 616 474 658 Christus
485 623 518 657 est.
545 623 566 656 ut
577 616 643 657 merito
656 631 692 656 nec
703 617 771 658 ueteris

104 684 212 726 testamenti
221 683 271 723 circa
279 696 380 735 personam
390 682 460 723 Christi
469 683 544 722 uacillet
553 683 658 733 auctoritas,
669 684 716 722 dum
725 683 772 723 noui

104 750 212 793 testamenti
225 749 377 792 manifestatione
391 749 470 800 fulcitur,
485 764 521 792 nec
536 750 582 792 noui
595 752 703 792 testamenti
717 751 772 792 inter-

105 826 160 872 cepta
172 818 196 858 sit
210 824 298 870 potestas,
314 819 360 857 dum
375 816 469 857 radicibus
483 817 551 857 ueteris
566 818 674 859 testamenti
687 818 772 859 eiusdem

74 902 96 928 ro
106 885 170 926 nititur
182 884 255 926 ueritas.
284 899 306 924 ex
320 897 363 936 quo,
377 884 410 936 qui
424 883 525 933 Christum,
537 884 568 925 dei
581 885 640 925 filium
653 893 671 925 et
683 885 771 935 hominis,

105 952 239 992 tantummodo
260 958 382 1002 praesumunt
403 950 506 999 hominem,
525 965 564 991 non
586 959 604 991 et
626 953 687 1000 deum,
708 959 773 991 contra

106 1023 240 1058 testamentum
256 1023 275 1057 et
291 1024 345 1056 uetus
361 1023 380 1055 et
396 1029 468 1056 nouum
483 1015 559 1065 faciunt,
575 1018 621 1057 dum
637 1024 655 1058 et
672 1017 740 1058 ueteris
755 1024 773 1058 et

106 1083 151 1125 noui
164 1081 272 1123 testamenti
283 1084 413 1122 auctoritatem
424 1082 561 1135 ueritatemque
570 1091 698 1135 corrumpunt.

146 1149 198 1200 Quid
207 1148 223 1188 si
234 1148 285 1189 idern
299 1150 375 1199 Moyses
388 1148 458 1200 ubique
470 1147 574 1189 introducit
586 1150 643 1189 deum
656 1156 728 1202 patrem
741 1148 775 1189 im-

76 1228 97 1269 15
107 1230 194 1259 mensum
203 1223 260 1268 atque
270 1214 310 1255 sine
317 1216 359 1264 fine,
371 1228 410 1255 non
417 1214 450 1266 qui
457 1216 500 1255 loco
510 1215 601 1263 cludatur,
611 1216 645 1256 sed
655 1215 687 1268 qui
697 1230 774 1257 omnem

107 1285 170 1324 locum
180 1284 251 1323 cludat:
266 1295 301 1322 nec
310 1295 354 1321 eum
364 1281 397 1332 qui
405 1281 425 1321 in
432 1282 475 1321 ioco
483 1281 511 1330 sit¹
520 1283 554 1322 sed
563 1282 626 1333 potius
635 1284 655 1322 in
664 1296 703 1333 quo
712 1283 775 1323 omnis

107 1350 160 1390 locus
169 1348 201 1389 sit:
215 1348 279 1388 omnia
290 1347 420 1388 continentem
433 1356 452 1389 et
461 1357 529 1389 cuncta
539 1351 664 1400 complexum,
674 1357 696 1390 ut
707 1350 775 1391 merito

108 1428 144 1457 nec
153 1415 257 1456 descendat
266 1428 301 1455 nec
310 1415 406 1463 ascendat,
414 1414 504 1466 quoniam
513 1413 554 1466 ipse
563 1414 628 1455 omnia
637 1423 656 1456 et
665 1416 750 1456 continet
757 1424 776 1457 et

107 1483 184 1535 implet:
199 1488 217 1520 et
231 1488 294 1520 tamen
307 1478 430 1519 nihilominus
442 1479 545 1520 introducit
557 1481 615 1521 deum
627 1482 776 1522 descendentem

76 1562 99 1587 20
108 1549 133 1587 ad
142 1553 212 1586 turrem
224 1559 281 1597 quarn
293 1544 420 1585 aedificabant
430 1544 462 1584 tilii
474 1544 579 1593 hominum,
590 1545 709 1586 considerare
721 1560 776 1598 quae-

108 1616 187 1657 rentem,
198 1616 215 1647 et
225 1608 330 1648 dicentem:
341 1609 400 1646 tranare
406 1613 424 1646 et
433 1619 475 1645 ruore
484 1608 613 1650 descendamus,
620 1613 638 1645 et
645 1608 777 1658 corrfimdumas

335 1713 355 1734 ao
366 1702 464 1734 considerate
471 1702 510 1734 coni.
519 1702 554 1734 We,

131 1795 145 1829 7.
173 1784 269 1824 personam]
296 1782 387 1825 equivalent
410 1780 428 1814 of

110 1831 194 1863 ὑπόστασις
211 1828 228 1860 in
242 1828 269 1860 the
284 1826 337 1859 Greek
354 1826 426 1858 Fathers.

110 1874 140 1918 Cp.
152 1873 231 1905 Westcott
240 1883 260 1903 on
271 1871 322 1903 Hebr.
333 1869 339 1902 i
350 1881 364 1912 5,
375 1869 427 1902 where

110 1920 183 1951 however
198 1914 281 1948 ὑπόστασις
293 1915 322 1946 has
333 1914 360 1946 the
373 1914 428 1946 earlier

110 1972 155 1994 sense
160 1960 178 1993 of
182 1960 226 1992 orata
234 1957 314 1991 ‘esseuce'
324 1956 377 2001 (Vulg.
384 1957 427 1989 ‘sub-

110 2005 199 2046 stantiae').
221 2004 257 2036 The
269 2004 308 2035 later
321 2012 349 2035 use
361 2011 428 2044 appears

110 2052 126 2083 in
144 2050 171 2083 the
188 2048 301 2092 Cappadociam
318 2046 385 2079 formula
400 2046 428 2085 lta

111 2095 154 2128 olata
169 2095 184 2126 ἐν
199 2093 248 2135 τρισὶν
261 2089 369 2124 enarratum.
398 2090 429 2123 See

112 2140 173 2172 lutrod.
185 2140 208 2180 §7
221 2148 242 2170 ou
254 2134 333 2169 ‘Person’

132 2186 146 2218 8.
168 2181 312 2221 manifestatione]
323 2177 428 2220 ‘revelation’

111 2240 132 2261 sc.
148 2229 166 2259 of
175 2227 233 2259 Christ.
256 2226 295 2256 This
308 2226 321 2256 is
333 2224 399 2266 parallel
411 2228 428 2255 to

110 2273 137 2304 the
145 2271 200 2314 saying
207 2270 225 2302 οἱ
233 2268 322 2313 Augustiue
331 2268 400 2311 (eraest.
409 2275 428 2309 73

110 2319 129 2351 ia
140 2315 198 2358 aare.)
211 2316 279 2347 ‘nouum
290 2317 401 2347 testamentum
412 2312 429 2344 iu

110 2367 163 2395 uetere
171 2360 214 2398 latet¹
222 2364 267 2392 uetus
277 2364 288 2391 t.
298 2357 314 2390 in
324 2368 366 2390 uouo
376 2355 429 2399 patet'

111 2406 143 2439 and
148 2405 164 2437 in
170 2404 195 2437 his
201 2405 218 2436 de
227 2403 286 2436 Cateclz.
293 2402 365 2434 [traditus
371 2403 379 2441 ξ
385 2403 394 2434 8
404 2401 429 2433 ‘iu

111 2449 162 2483 ueteri
169 2454 181 2481 t.
189 2453 213 2482 est
220 2447 305 2480 occultatio
312 2447 355 2483 noui,
363 2446 380 2477 in
387 2455 430 2477 nouo

112 2499 123 2528 t.
132 2499 155 2528 est
163 2492 268 2526 manifestatio
277 2489 346 2525 ueteris!
368 2489 403 2523 Itis
413 2494 430 2522 to

112 2540 132 2572 be
140 2537 236 2571 understood
246 2548 266 2568 on
274 2536 301 2567 the
309 2535 386 2578 principle
396 2534 431 2566 that

112 2581 209 2625 throughout
231 2580 258 2613 the
278 2579 324 2612 Bible
344 2578 397 2613 Christ
418 2578 431 2611 is

112 2626 192 2671 preached
200 2624 246 2667 (Rev.
254 2624 280 2656 xix
290 2623 320 2665 ro).

479 1780 498 1813 ib.
523 1782 624 1821 intercepta]
644 1784 647 1798 ‘
653 1782 756 1815 undenniued
762 1785 766 1799 ²
772 1794 775 1822 ς

459 1836 484 1866 cp.
492 1836 508 1867 p.
517 1825 541 1866 63.
553 1836 571 1866 14
580 1829 607 1857 ‘ne
615 1826 700 1859 maiestatis
708 1827 776 1870 ipsius...

458 1868 520 1911 turgore
530 1869 604 1912 intercipi
617 1869 678 1912 possit?
700 1872 732 1904 For
746 1872 777 1905 this

460 1923 487 1944 use
495 1914 513 1944 oi
518 1913 544 1944 the
552 1914 596 1944 word
604 1924 628 1954 cp.
640 1914 680 1945 Pliu.
690 1916 748 1957 Hrrreg.
758 1924 777 1957 75

462 1957 512 2000 ‘quae
522 1967 555 1994 uos,
566 1967 586 1989 ne
597 1967 628 1999 qua
639 1957 739 2001 interciperet
750 1960 777 1993 oh·

460 2000 504 2038 liuio,
512 2001 529 2032 iu
536 2005 572 2032 acta
579 2001 657 2033 mittenda
664 2002 757 2035 censuistis’

483 2054 506 2087 15.
532 2054 566 2078 non
584 2047 614 2084 qut
636 2049 672 2079 loeo
693 2049 778 2089 cruuntur]

461 2100 541 2132 expresses
553 2090 579 2122 the
592 2090 667 2123 attribute
682 2092 778 2134 ‘incompre-

460 2133 539 2167 hensible'
552 2132 586 2175 (Gk
596 2135 680 2178 ἀχώρητος,
692 2136 727 2169 Lat.
742 2137 778 2171 ‘im-

460 2189 523 2212 mensus
528 2178 539 2220 ¹)
547 2179 565 2211 of
570 2179 597 2212 the
606 2180 703 2221 Qar'crrrnprre
711 2183 742 2214 stul
749 2205 753 2214 .

482 2233 505 2255 nr,
526 2224 779 2265 uentteetmoxdeecendamue]

462 2266 502 2299 Gen.
517 2266 533 2299 ri
546 2274 560 2306 7.
587 2267 623 2299 The
634 2267 685 2301 words
700 2269 724 2301 ‘et
735 2269 779 2302 mox’

461 2310 626 2354 presentadifficulty.
641 2311 779 2347 Prevtousedirors

461 2356 502 2388 have
517 2356 580 2398 printed
598 2356 641 2388 them
659 2367 676 2389 as
692 2358 729 2391 N.'s
743 2369 780 2391 oum

462 2399 520 2436 words,
525 2399 614 2443 separating
621 2400 688 2433 ‘uenite'
695 2402 735 2435 from
746 2403 780 2436 ‘de-

462 2443 563 2476 scendamus‘
574 2444 591 2476 in
602 2444 648 2477 order
660 2450 676 2478 to
691 2448 781 2489 emphasize

463 2488 489 2521 the
502 2487 533 2521 fact
544 2487 578 2521 that
589 2489 642 2522 others
653 2500 679 2522 are
691 2490 751 2524 invited
763 2497 780 2525 to

463 2543 560 2575 accompany
574 2533 601 2566 the
618 2534 690 2576 speaker.
717 2536 747 2568 But
764 2537 781 2569 in

464 2577 498 2610 that
508 2588 543 2609 case
554 2587 577 2610 we
586 2578 643 2610 should
652 2578 693 2611 have
704 2581 780 2623 expected

464 2622 481 2653 in
487 2621 499 2652 l.
507 2621 516 2654 6
524 2621 570 2664 infra
577 2626 594 2653 to
601 2623 639 2654 read
646 2623 703 2666 simply
713 2624 780 2666 ‘uenite
