1746 2903
80 167 138 209 XVII]
274 169 309 202 DE
326 167 425 202 TRINITA
430 168 461 200 TE
475 167 548 206 LIBER
722 161 747 205 59

80 266 140 316 distrui
146 266 201 316 suctu
210 271 258 316 sicut,
269 272 287 306 et
294 267 333 306 ri'ru
344 267 382 318 i'ytru
388 267 461 316 fuctum
470 271 495 304 ert
503 265 558 314 ui'lu'l3
571 263 672 316 prophetes
684 269 747 303 autem

80 332 146 371 refert:
167 332 204 373 dicu
222 344 251 384 ego
268 339 322 384 opera
340 345 379 371 uua
397 333 445 383 regi,
466 332 543 383 Moyses
563 337 627 370 autem
645 328 748 368 introducit

79 397 227 449 praecipientem
242 400 299 439 demn
315 404 336 438 ut
351 400 383 437 fur
398 398 431 437 fiat
448 396 468 436 in
483 396 553 449 primis,
569 397 642 435 caelum
658 396 746 442 firmetur,

79 476 140 516 aquae
150 471 290 518 congregentur,
299 463 351 504 anda
360 464 475 513 ostendatur,
482 463 554 502 fructus
563 461 668 501 secundum
675 460 748 500 semina

80 539 199 583 prouocatur,
216 531 304 570 animalia
319 532 453 582 producantur,
467 528 565 569 luminaria
582 528 602 567 in
620 530 673 568 caelo
690 534 766 579 atques

79 603 130 636 astra
144 603 247 649 ponantur,¹
267 609 306 634 non
324 596 382 634 aliurn
400 595 484 634 ostendit
499 602 545 633 tunc
562 593 644 633 adfuisse
662 594 699 633 deo
717 593 748 633 cui

79 663 231 715 praeciperentur
242 664 289 704 haec
300 676 357 716 opera
369 670 390 703 ut
402 663 473 712 fierent,
484 661 520 702 nisi
532 675 576 702 eum
586 667 623 714 peu
634 674 686 714 quun
693 661 748 712 ,factu

79 735 124 770 sicut
137 731 204 779 autaut,
218 737 236 769 et
250 730 289 769 siue
303 743 338 780 qua
347 730 421 781 fuctum
436 735 462 769 est
475 730 526 769 iun-il.
555 742 577 769 ac
593 729 609 769 si
622 728 653 769 hic
666 728 747 769 uerbum

80 794 112 836 dei
119 801 148 835 est
156 795 208 847 (narn
215 796 305 835 eructuant
312 807 342 835 cur
349 808 407 835 iuriuu
414 796 488 834 erardum
495 795 569 846 buuuiu)
576 794 660 834 ostendit
668 795 688 833 iu
693 796 747 845 priri-

78 863 124 912 cipiu
138 864 212 901 uerbum
219 863 286 911 suriae,
301 869 320 902 et
333 863 407 900 acerbum
419 862 457 900 hoc
469 861 521 911 apud
532 866 605 912 patrem
618 859 680 908 fuisse,
694 860 746 899 deum
757 872 780 896 10

78 935 176 980 praeterea
193 929 267 967 uerbum
281 928 345 979 quisre,
364 928 426 968 uuiuiu
442 934 479 979 per
494 927 554 978 i'psuuz
565 926 619 978 fucta
637 939 683 967 esse.
713 927 747 968 sed

79 994 131 1035 enim
140 996 177 1035 hoc
187 996 261 1035 uerbum
273 1009 315 1035 curu
320 995 393 1046 fuctum
401 1000 431 1043 esi,
442 1000 459 1033 at
467 992 558 1033 habitauit
566 993 586 1031 iu
596 993 649 1041 iiobz's,
660 992 746 1033 Christus

79 1061 151 1102 scilicet
158 1061 206 1102 filius
217 1061 259 1112 dei3
273 1076 335 1114 quem,
344 1063 416 1102 dumet
425 1060 548 1113 postmodum
557 1059 663 1099 secundum
670 1073 746 1101 carnem

79 1129 177 1167 hominem
184 1127 293 1179 accipimus,
300 1136 318 1167 et
325 1136 369 1167 ante
376 1127 444 1167 mundi
452 1128 590 1168 institutionem
600 1126 631 1167 dei
640 1128 719 1167 uerbum
727 1135 746 1167 et

79 1195 137 1234 deum
147 1194 240 1242 uidemus,
249 1193 316 1234 merito
326 1194 431 1234 secundum
440 1192 578 1234 institutionem
590 1192 657 1233 ueteris
670 1201 689 1233 et
699 1193 746 1234 noui
756 1198 777 1239 15

78 1261 187 1301 testamenti
199 1269 218 1301 et
230 1262 288 1301 deum
300 1268 318 1301 et
329 1260 426 1300 hominem
437 1259 533 1301 Christum
546 1262 610 1300 Iesum
620 1266 639 1300 et
651 1260 745 1300 credimus

79 1335 98 1367 et
108 1316 199 1368 tenemus,

118 1393 171 1444 Quid
183 1393 198 1433 si
207 1393 259 1434 idem
269 1395 347 1446 Moyses
355 1391 459 1432 introducit
469 1391 565 1433 dicentem
574 1394 643 1433 deum:
651 1393 746 1444 faciamus

79 1462 168 1500 irminam
182 1462 208 1499 ud
220 1461 316 1510 imaginem
330 1466 347 1498 et
359 1460 497 1498 simulitudinem
512 1465 604 1507 austrum,
622 1467 640 1499 et
656 1460 714 1499 infra:
730 1466 747 1498 et

72 1526 119 1576 seuit
137 1528 180 1566 deus
197 1527 293 1576 liuiuiue'ui,
310 1527 336 1565 ud
351 1527 447 1578 iiuugiueiu
466 1527 495 1565 dri
506 1526 552 1576 fecit
569 1527 627 1575 illum,
646 1527 778 1566 uiusculuruzo
799 1523 801 1527 ’

78 1594 96 1628 et
107 1590 200 1638 inuriuum
213 1590 260 1639 serit
275 1592 316 1629 eus?
343 1589 363 1638 si,
382 1597 403 1628 ut
420 1589 458 1629 iam
477 1590 581 1638 docuimus,
601 1590 632 1628 dei
649 1590 698 1628 filius
717 1597 745 1629 est

79 1668 112 1708 per
128 1668 185 1707 quem
201 1656 251 1694 facta
266 1662 310 1695 sunt
326 1654 395 1705 omnia,
410 1654 474 1706 utique
490 1654 522 1695 dei
534 1654 583 1695 filius
598 1662 626 1695 est
639 1669 672 1708 per
687 1669 745 1708 quem

79 1720 136 1762 etiarn
152 1722 210 1762 homo
226 1720 322 1762 institutus
338 1729 370 1772 est,
387 1729 463 1775 propter
479 1735 535 1774 quem
551 1723 600 1762 facta
615 1730 659 1763 sunt
674 1724 743 1764 omnia.

78 1787 177 1827 sedenim
194 1789 230 1827 deo
246 1787 373 1839 praecipiente
388 1795 409 1835 ut
424 1789 483 1827 homo
499 1789 536 1835 fiat,
553 1789 600 1828 deus
614 1790 691 1829 refertur
704 1802 745 1829 esse

78 1852 111 1903 qui
124 1852 220 1892 hominem
235 1852 290 1892 facit:
304 1851 348 1891 facit
361 1859 425 1892 autem
439 1852 535 1897 hominem
550 1853 581 1892 dei
597 1853 650 1902 filius,
665 1855 744 1893 uerbum
755 1862 777 1902 25

100 1971 114 1992 1.
134 1961 195 2002 Jo.i3.

100 2015 113 2037 a.
134 2005 159 2038 Ps.
168 2004 216 2037 xfiva
226 2002 258 2046 (xlv
265 2003 284 2047 Ι).
300 2003 330 2038 See
337 2005 393 2045 above,

77 2049 105 2081 inii
113 2060 129 2092 p.
137 2059 162 2090 42.
174 2060 192 2081 ro
199 2049 238 2081 with
248 2054 289 2081 note,

98 2093 112 2127 6.
140 2095 156 2126 n
172 2094 185 2126 is
203 2098 232 2126 not
250 2105 287 2136 easy
304 2099 320 2127 to
339 2094 395 2126 decide

78 2138 149 2171 whether
159 2139 181 2170 N.
191 2138 223 2171 had
232 2149 250 2171 or
259 2138 291 2170 had
301 2142 330 2170 not
341 2137 395 2170 before

76 2181 395 2226 hismindtheinterpretationofGenesis

77 2226 82 2258 i
93 2238 105 2266 1,
118 2227 170 2259 which
180 2238 246 2269 appears
257 2227 317 2270 fargeiy
327 2227 343 2259 iu
354 2228 395 2259 later

78 2270 126 2302 Latin
138 2271 204 2308 writers,
217 2271 238 2313 hy
249 2270 302 2303 which
314 2271 339 2302 ‘in
352 2271 394 2312 prin·

77 2313 119 2356 cipio
126 2314 129 2330 '
138 2314 159 2353 (ἐν
166 2312 213 2356 ἀρχῇ)
219 2314 233 2347 is
238 2315 285 2347 made
292 2318 308 2347 to
316 2324 362 2347 mean
370 2315 395 2346 ‘in

78 2358 105 2391 the
120 2358 193 2401 persona]
208 2359 264 2398 Word,
283 2358 319 2391 who
337 2357 350 2391 is
368 2357 394 2391 the

77 2402 177 2445 Reginning.’
196 2404 226 2436 See
234 2404 258 2435 for
266 2414 290 2436 ex.
297 2404 338 2446 Aug.
348 2403 394 2447 Cous.

76 2446 93 2479 ni
102 2456 126 2485 rr,
135 2446 173 2478 with
181 2447 205 2479 Dr
212 2447 268 2488 Gibh's
276 2453 318 2480 note.

97 2490 117 2522 ib.
146 2492 173 2523 cui
194 2493 332 2530 praeciperentur
353 2493 394 2523 haee

76 2542 128 2574 opera
134 2536 155 2567 ut
162 2535 227 2576 fierent]
239 2539 242 2553 ‘
249 2546 269 2568 on
276 2536 329 2569 whom
337 2546 370 2569 ruas
377 2541 394 2569 to

75 2578 96 2610 be
113 2579 147 2610 laid
161 2580 187 2610 the
202 2580 286 2611 command
302 2581 336 2612 that
351 2580 395 2612 these

428 1961 480 1992 ivorks
491 1961 548 1993 should
559 1961 579 1994 he
590 1963 647 1994 madc.'

450 2015 474 2047 13.
495 2007 608 2047 postmodum]
625 2017 646 2039 sc,
662 2007 701 2040 after
718 2008 745 2041 the

428 2050 538 2082 incarnation:
554 2050 570 2082 in
583 2051 625 2088 xxxi,
639 2063 654 2094 p.
669 2051 721 2084 1181.
736 2061 744 2094 7

428 2094 455 2126 the
466 2095 510 2126 ruord
521 2093 549 2127 has
560 2095 587 2127 the
598 2106 641 2128 same
651 2096 735 2130 reference.

450 2149 473 2180 15.
495 2141 744 2181 martinianam]‘instruction’

426 2183 455 2215 hut
466 2183 482 2214 in
493 2183 503 2215 f.
514 2194 532 2225 14
540 2184 667 2227 ‘inauguration'
679 2197 697 2218 or
708 2187 743 2219 ‘he-

426 2227 510 2270 ginning’:
522 2238 547 2271 cp.
557 2228 574 2260 iii
585 2240 591 2261 1
602 2234 645 2261 note.
666 2230 702 2263 The
712 2236 744 2264 two

427 2281 479 2303 senses
490 2282 516 2303 are
527 2278 555 2304 not
566 2273 589 2304 far
600 2279 649 2315 apert.

449 2316 472 2347 18.
496 2315 536 2348 Gen.
548 2316 585 2356 iad,
596 2324 621 2358 27.
642 2317 689 2360 ang.
698 2318 744 2351 reads

427 2358 444 2391 in
451 2370 466 2391 u,
475 2368 494 2400 27
504 2359 576 2392 ‘creauit'
584 2360 608 2393 for·
616 2360 671 2394 ‘fecit'

448 2414 473 2446 23.
489 2403 530 2436 'The
539 2410 622 2446 argument
632 2410 676 2438 turus
686 2418 708 2439 on
717 2407 744 2439 the

426 2449 524 2489 assumption
539 2449 573 2481 that
589 2449 616 2482 the
634 2450 689 2484 ‘Gon'
708 2451 744 2483 who

427 2493 474 2524 made
484 2502 521 2524 man
531 2495 544 2525 is
553 2492 580 2525 the
591 2503 648 2536 person
659 2494 744 2529 addressed

427 2536 473 2569 when
482 2536 537 2569 ‘God'
545 2538 578 2570 said
587 2537 627 2571 ‘Let
634 2549 652 2572 us
659 2539 718 2572 make'
