1746 2903
78 156 94 198 1]
277 156 312 189 DE
329 155 427 189 TRINITA
431 155 447 189 T
445 155 462 189 E
476 155 549 189 LIBER
734 154 745 199 3

78 252 136 291 moda
151 250 244 301 animalia,
261 265 313 291 nunc
331 250 437 300 mediocris,
456 264 508 290 nunc
523 250 571 290 uasti
586 251 669 303 corporis
687 254 745 306 fingit,
778 257 780 261 '

78 317 176 370 ingenium
188 318 264 359 artificis
278 319 303 359 de
316 317 439 358 institutionis
452 316 542 357 uarietate
556 319 648 375 testantia.
678 319 746 370 quibus

78 398 117 424 non
136 391 241 434 contentus,
261 399 286 424 ne
303 385 350 424 forte
368 383 453 423 fremitus
469 389 488 423 et
503 397 568 422 cursus
586 397 683 435 aquarum,
702 398 746 424 cum

77 449 179 501 dispendio
191 449 304 502 possessoris
316 448 400 498 humani,
413 447 496 489 alienum
510 454 612 500 occuparet
625 449 745 499 elementum,

78 516 126 556 fines
144 515 229 557 litoribus
245 515 332 556 inclusitt
353 528 391 567 qno
405 528 449 555 cum
462 515 544 555 fremens
558 516 626 555 fluctus
640 522 658 555 et
672 529 695 556 ex
708 517 765 568 alto5

62 615 64 618 Α
77 579 120 620 sinu
130 594 220 633 spumans
229 581 281 621 unda
290 580 377 628 uenisset,
390 593 463 619 rursum
472 579 492 618 in
501 593 521 620 se
530 579 599 619 rediret
610 592 645 619 nec
656 580 746 621 terminos

77 659 179 686 concessos
191 647 295 694 excederet,
306 659 382 685 seruans
394 644 435 684 iura
444 642 568 696 praescripta:
582 652 604 684 ut
612 644 686 685 diuinas
695 647 746 697 leges

77 718 131 751 tanto
149 712 207 763 magis
225 714 284 752 homo
302 711 409 760 custodiret,
429 718 501 763 quanto
518 710 559 750 illas
577 711 634 751 etiam
652 714 746 753 elementa

77 786 189 818 seruassent.

117 846 163 885 Post
175 858 224 896 qnae
235 844 333 885 hominem
345 857 422 896 quoque
432 844 505 884 mundo
517 843 626 895 praeposuit
637 852 656 885 et
667 844 745 896 quidem
756 862 778 888 10

76 911 102 950 ad
117 910 218 962 imaginem
234 910 265 950 dei
283 912 365 950 factum:
383 910 414 950 cui
430 918 514 950 mentem
532 918 551 950 et
569 910 660 950 rationem
676 910 746 952 indidit

76 984 96 1018 et
114 976 239 1030 prudentiam,
256 985 276 1018 ut
292 977 350 1018 deum
367 983 432 1030 posset
449 975 528 1017 imitari:
547 975 600 1017 cuius
614 975 648 1017 etsi
662 977 745 1030 corporis

77 1050 150 1083 terrena
164 1042 271 1095 primordia,
288 1043 372 1084 caelestis
387 1051 451 1083 tamen
467 1050 486 1082 et
500 1041 560 1082 diuini
574 1042 643 1083 halitus
656 1043 745 1095 inspirata

76 1110 192 1151 substantia:
216 1124 278 1163 quem,
300 1124 344 1151 cum
363 1108 428 1150 omnia
446 1108 593 1150 insanitatem
611 1108 638 1150 illi
655 1109 744 1159 dedisset,

76 1179 138 1217 solum
156 1177 236 1217 liberum
259 1191 299 1217 esse
322 1176 387 1217 uoluit.
424 1184 442 1215 et
462 1190 486 1216 ne
506 1176 526 1215 in
544 1176 648 1228 periculum
669 1179 744 1219 caderet
755 1193 762 1230 ¹.
766 1191 776 1230 5

77 1257 150 1283 rursum
168 1245 230 1284 soluta
248 1244 333 1292 libertas,
348 1244 459 1282 mandatum
478 1243 545 1294 posuit,
565 1257 604 1295 quo
622 1251 686 1284 tamen
704 1259 743 1285 non

76 1308 138 1350 inesse
151 1304 221 1350 malum
235 1312 297 1350 fructu
309 1309 380 1356 arboris
393 1310 497 1357 doceretur,
511 1311 545 1349 sed
557 1311 646 1358 futurum,
661 1310 677 1350 si
689 1312 742 1360 forte,

76 1388 100 1415 ex
114 1377 212 1416 uoluntate
228 1374 310 1416 hominis
328 1376 352 1415 de
370 1381 481 1426 contemptu
499 1375 554 1414 datae
571 1374 617 1426 legis
635 1388 744 1427 praemone-

77 1560 83 1604 (
99 1528 111 1549 r.
131 1526 175 1550 nunc
182 1518 276 1558 mediocris]
296 1516 391 1559 CpPsciti

84 1561 148 1603 civla5.

98 1617 111 1639 κ.
135 1608 155 1638 de
165 1607 279 1639 institutionis
288 1606 314 1646 u]
326 1605 356 1648 ‘by
365 1604 391 1637 the

76 1650 136 1692 variety
149 1650 168 1683 of
180 1651 211 1683 His
226 1649 350 1693 appointment':
364 1649 392 1682 for

76 1694 94 1727 de
105 1704 129 1736 cp.
140 1694 150 1727 1.
163 1695 181 1727 18
191 1694 218 1727 ‘de
225 1692 328 1736 contemptu,’
336 1704 351 1735 p,
363 1703 392 1726 mo

76 1738 87 1769 1.
100 1740 109 1771 8
122 1738 150 1770 ‘de
160 1749 225 1770 numero
236 1738 303 1770 duorum
315 1737 392 1769 deorum'

76 1782 111 1815 The
117 1793 161 1815 sense
168 1782 197 1815 lies
204 1783 276 1815 between
284 1780 392 1814 ‘instrument'

75 1828 107 1859 and
127 1826 192 1866 ‘cause’
210 1827 237 1859 the
254 1838 297 1859 noun
313 1826 392 1868 governed

75 1871 124 1914 being
134 1871 203 1903 abstract
213 1876 241 1903 not
251 1875 328 1903 concrete.

97 1929 112 1957 4.
136 1915 205 1949 ‘Should
215 1916 255 1948 seiae
263 1926 305 1958 upon
313 1925 323 1947 a
331 1914 392 1957 foreign

76 1959 143 1993 clement
151 1965 167 1993 at
174 1960 201 1993 the
208 1971 276 2003 expense
284 1960 301 1992 of
307 1960 327 1992 its
333 1959 393 1992 human

76 2004 168 2046 possessor.¹
191 2005 271 2046 Pscivp.

99 2057 112 2089 5.
134 2057 155 2081 ex
166 2051 201 2081 alto
214 2049 259 2089 sinu]
274 2047 321 2080 ‘from
332 2047 358 2079 the
368 2047 392 2079 far

76 2092 136 2135 sweep'
149 2092 167 2125 of
178 2093 205 2125 the
215 2092 279 2132 hollow,
293 2092 317 2123 lit.
333 2090 391 2124 ‘fold':

76 2135 391 2180 asbelowp.61.4‘mundilruiussinus¹

77 2181 160 2214 ‘reaches’
172 2182 192 2212 In
197 2192 211 2223 p,
217 2180 226 2213 6
232 2182 243 2212 l.
248 2192 264 2213 11
269 2181 296 2212 the
301 2180 374 2222 meaning
378 2180 391 2212 is

76 2224 128 2257 rather
135 2225 204 2258 ‘bosom'
211 2237 214 2258 r
222 2225 238 2257 in
244 2236 259 2268 p.
265 2224 299 2266 241.
304 2234 322 2256 oa
331 2223 391 2263 ‘stote'

77 2268 117 2301 from
125 2269 152 2302 the
159 2269 195 2301 idea
202 2269 220 2301 of
227 2269 316 2312 ‘emptying
321 2268 348 2300 the
353 2266 390 2310 lap)

99 2322 112 2353 7.
134 2316 154 2345 ut
164 2315 231 2345 diuinas
242 2314 279 2353 cet]
290 2323 315 2354 cp.
323 2317 360 2344 note
370 2322 391 2344 on

76 2355 237 2399 p.al.8,legz'tzinis.
281 2380 284 2385 .

99 2411 122 2433 11.
145 2399 369 2441 autinagr'nemlGen.i27.

99 2455 123 2476 ra.
146 2445 222 2487 ‘Though
230 2446 257 2477 the
262 2445 337 2477 elements
345 2443 363 2475 of
367 2443 392 2476 his

76 2487 119 2531 body
126 2498 167 2521 were
174 2489 240 2531 earthly‚
249 2494 275 2531 yet
283 2489 303 2521 its
310 2488 393 2521 substance

77 2542 109 2564 tyas
116 2532 193 2574 heavenly
200 2534 231 2565 and
239 2533 257 2565 of
266 2533 292 2565 the
301 2532 360 2564 Divine
370 2532 393 2563 in-

424 1515 442 1548 of
450 1516 546 1559 description
557 1516 617 1548 further
627 1516 710 1559 explained
721 1517 743 1560 by

424 1560 518 1603 ‘inspirata'
542 1560 561 1593 In
576 1560 603 1593 the
614 1560 647 1593 first
659 1561 742 1595 Tractatus

410 1645 412 1648 Α
424 1604 565 1647 pseudo-Origenis
577 1606 595 1637 de
607 1605 652 1637 libris
665 1606 695 1638 SS.
707 1606 741 1638 Str.

425 1650 448 1689 (as
459 1654 475 1681 to
484 1649 536 1681 which
546 1659 561 1681 u.
569 1650 630 1681 httrocf.
640 1650 648 1689 ἓ
660 1659 673 1689 1,
683 1659 698 1692 p.
708 1649 740 1692 xxi)

424 1703 448 1725 we
456 1693 488 1725 find
497 1693 528 1725 this
537 1693 628 1725 distinction
636 1693 707 1726 between
714 1694 741 1727 the
804 1722 806 1724 .

424 1742 469 1769 outer
475 1747 511 1768 man
516 1736 544 1768 ‘de
549 1736 587 1768 limo
592 1741 642 1769 terrae
647 1737 741 1779 plasmatus'

424 1781 456 1813 and
462 1780 489 1813 the
494 1780 579 1814 innerman
585 1784 588 1799 ¹
594 1779 652 1824 (anima
657 1781 741 1815 inuisibilis

424 1826 517 1858 immortalis
529 1826 626 1858 rationabilis
638 1825 707 1869 mobilis)
720 1827 741 1860 ad

424 1869 510 1912 imaginem
524 1869 555 1901 Dei
567 1869 629 1902 factus'
652 1870 667 1902 It
680 1870 693 1902 is
706 1870 740 1904 also

424 1913 496 1957 frequent
503 1914 520 1946 in
526 1915 604 1954 irenaeus,
611 1914 647 1946 who
653 1914 699 1947 holds
706 1915 740 1948 that

425 1969 461 1990 man
473 1969 502 1991 can
512 1958 549 2000 only
560 1958 609 1991 attain
618 1958 643 1991 his
654 1959 740 2001 perfectiori

424 2003 493 2045 through
502 2003 529 2035 the
538 2003 621 2035 incarnate
631 2002 670 2042 Son,
681 2003 717 2036 utho
727 2004 740 2036 is

425 2046 487 2079 ‘unitus
498 2051 513 2079 et
524 2057 617 2089 consparsus
628 2057 656 2079 sno
666 2048 740 2089 plasmati

424 2091 510 2123 secundum
527 2091 602 2133 placitum
619 2090 678 2123 Pntris'
696 2090 738 2134 (adu.

424 2136 474 2167 Haer.
484 2135 501 2167 iii
511 2136 534 2168 16.
544 2134 566 2175 6).
588 2136 617 2178 Cp.
627 2136 689 2167 l'rrtr'od.
698 2137 706 2175 ξ
714 2136 729 2169 6.

446 2190 470 2220 14.
491 2188 528 2211 eum
536 2180 598 2219 omnia]
620 2180 706 2212 Gen.i28.

428 2240 436 2243 -=
446 2222 469 2256 16.
491 2225 589 2256 mandatum
598 2223 661 2263 posint]
680 2223 721 2256 Gen.
729 2223 740 2256 ii

425 2275 448 2308 17.

446 2319 469 2352 17v
491 2314 520 2343 sed
542 2313 740 2352 futurum...praemon.]

426 2354 498 2387 ‘bntwas
505 2355 602 2387 forewamed
609 2354 643 2386 that
650 2355 681 2387 evil
687 2356 740 2388 xuould

424 2399 483 2438 follow,
492 2399 505 2431 if
514 2405 530 2431 at
540 2399 562 2431 all
573 2397 593 2442 (sl
597 2399 652 2441 fhrte),
661 2400 681 2442 by
691 2399 741 2432 man's

425 2443 493 2475 exercise
507 2443 525 2475 of
541 2443 565 2475 his
580 2454 616 2474 own
632 2444 664 2475 free
678 2444 711 2476 will
724 2445 741 2476 in

425 2487 506 2530 disregard
520 2487 538 2519 of
551 2487 578 2520 the
592 2487 622 2519 law
636 2487 669 2519 laid
681 2487 740 2521 down)

426 2532 458 2563 For
472 2532 490 2563 de
504 2541 528 2573 cp.
543 2542 559 2562 n.
575 2541 595 2563 on
609 2531 620 2562 l.
633 2541 648 2562 a.
672 2532 742 2574 Perhaps

76 2575 170 2620 breathing.¹
189 2576 331 2617 ‘Diuinihalitus,¹
339 2586 391 2619 agen.
422 2579 551 2619 praarrtorreretur
560 2575 573 2608 is
586 2585 596 2607 a
610 2575 687 2619 marginal
699 2575 741 2619 gloss

644 2658 690 2683 1—2
