1746 2903
128 148 154 201 98
392 162 530 195 dommim
724 163 798 205 [xxvii

129 254 256 306 quoniam'ex
269 263 322 307 patre
335 264 369 304 est,
384 257 475 308 quicquid
489 257 536 298 illud
550 265 583 307 est,
598 259 647 298 filius
661 266 695 307 est,
709 267 799 299 manente

128 330 193 363 tamen
208 321 335 371 distinctione,
350 330 370 362 ut
384 337 424 363 non
437 323 461 364 sit
475 331 528 377 pater
542 323 573 364 ille
588 324 621 377 qui
634 324 688 374 filins,
704 324 748 377 qnia
762 338 799 365 nec

129 391 178 430 lilius
190 388 221 428 ille
233 388 265 441 qui
278 395 331 441 pater
343 397 376 430 est.
404 403 440 430 nec
453 390 504 431 enim
516 403 580 431 snmus
588 390 698 440 addidisset,
712 393 728 431 si
738 405 798 432 unum

129 462 177 499 sect
188 455 291 496 solitarium
304 464 377 509 patrem
389 456 448 498 filium
461 458 532 498 factum
545 471 586 498 esse
599 457 720 499 meminisset.

110 530 119 569 5
164 520 798 575 DeniquenouithancconcordiaeunitctemetapostolnsPanlus,

129 601 172 629 cnm
182 601 305 640 personarum
313 595 378 628 tamen
391 589 519 631 distinctione.
547 604 591 630 nam
601 591 679 630 cunrad
689 590 798 631 Corinthios

128 655 222 705 scriberet,
239 669 273 707 ego,
290 655 357 708 inquit,
372 656 468 708 plantant
486 657 554 709 Apollo
572 658 647 709 riganti,
666 658 698 697 sed
713 659 756 697 deus
772 659 799 697 in-

127 728 235 763 corneorum
247 723 300 762 dedit.
327 724 389 773 itaque
401 736 456 774 neque
467 726 501 774 qui
507 725 585 774 placitat
595 730 623 763 est
631 727 732 776 patronam,
743 738 799 777 neque

128 791 161 841 qni
173 791 228 841 rigm,
245 789 275 828 scd
289 790 322 840 qui
336 791 465 830 incrementum
479 792 572 830 datdeus.
600 793 634 841 qni
645 798 705 832 orclem
714 794 797 843 plantat,

97 862 145 895 roct
156 858 190 907 qut
202 858 256 907 rzyot,
272 869 329 895 annm
342 862 389 895 sunt.
417 856 459 908 quis
475 865 591 897 autemnon
607 858 703 910 intelleget
718 860 798 898 alterum

128 935 169 964 csse
177 924 252 976 Apollo,
263 923 343 963 alterum
353 924 438 973 Paulum,
448 936 488 963 non
498 925 580 964 eundem
590 931 646 976 atque
656 925 717 977 ipsum
728 925 798 976 Apollo

128 988 196 1042 pariter
210 997 229 1029 et
244 990 339 1029 Paulum?
370 990 454 1041 deniqne
470 997 488 1030 et
504 990 579 1031 diuersa
592 989 740 1042 uniuscuiusque
754 998 798 1031 sunt

128 1055 190 1096 officia
198 1056 282 1107 prolata:
296 1055 342 1094 alter
351 1053 402 1094 enim
415 1055 449 1105 qm·
454 1057 535 1106 plantat,
547 1061 565 1095 et
577 1057 624 1095 alter
636 1057 670 1106 qni
680 1057 734 1107 rigat.
762 1056 797 1096 hos

128 1130 192 1163 tomen
201 1122 255 1170 duos,
266 1134 305 1161 non
315 1121 367 1172 quod
377 1134 425 1160 tatros
434 1120 463 1170 sit,
473 1123 508 1161 sed
517 1123 569 1173 quod
578 1135 636 1162 metim
647 1122 690 1171 sint,
699 1121 798 1174 proposuit

96 1196 117 1235 15
128 1187 225 1239 apostolus
236 1186 310 1233 Paulus,
321 1192 342 1223 nt
351 1186 397 1224 alter
406 1185 484 1236 quidem
493 1186 517 1226 sit
526 1187 601 1238 Apollo,
611 1188 658 1226 alter
667 1200 713 1227 uero
722 1180 796 1236 Paulus

128 1259 220 1306 quantum
230 1253 255 1292 ad
262 1264 385 1304 personarum
393 1252 534 1293 distinctionem
542 1253 632 1304 pertinet3
644 1250 745 1306 [quantum
752 1266 797 1293 uero

128 1320 153 1360 ad
171 1318 293 1359 concordiam
311 1316 405 1371 pertinetl,
425 1332 482 1358 torrem
501 1319 559 1359 ambo
577 1319 619 1359 sint.
655 1332 700 1359 narn
720 1321 798 1371 quando

128 1387 210 1427 duorum
221 1398 259 1425 unc
272 1384 366 1425 sententia
378 1392 410 1434 est,
423 1384 491 1425 ueritas
504 1399 542 1425 uno
553 1393 586 1435 est,
601 1386 648 1425 fides
662 1399 700 1424 nna
713 1392 747 1432 est,
759 1399 798 1425 unc

128 1459 185 1503 atque
194 1451 335 1502 eadem‘religio
345 1458 378 1500 est,
389 1464 438 1491 unus
447 1450 504 1491 etiam
517 1451 548 1492 dei
561 1451 617 1491 timor
630 1458 662 1500 est,
675 1466 735 1490 unum
747 1460 797 1499 sunt,

96 1531 120 1558 20
129 1518 185 1559 etiam
198 1517 214 1557 si
223 1519 262 1557 duo
271 1516 313 1556 sint.
343 1516 405 1568 ipsum
419 1524 468 1566 sunt,
482 1518 528 1557 dum
542 1517 604 1569 ipsum
618 1517 699 1568 sapiunt.
727 1518 797 1557 etenim

128 1598 176 1638 quos
192 1597 283 1636 personae
297 1583 344 1624 ratio
360 1583 443 1625 inuicem
458 1582 531 1634 diuidit,
547 1584 625 1625 eosdem
639 1597 701 1623 rursus
715 1583 797 1626 inuicem

128 1650 222 1703 religionis
238 1650 285 1690 ratio
301 1650 398 1690 conducit.
433 1657 452 1690 et
468 1650 555 1703 quamuis
568 1650 620 1691 idem
634 1657 691 1702 atque
707 1651 742 1702 ipsi
758 1665 797 1692 non

127 1718 171 1766 sint,
180 1718 227 1757 dum
236 1716 288 1757 idem
297 1711 386 1765 sentiunt,
399 1717 462 1768 ipsum
475 1724 530 1766 sunt3
544 1724 562 1756 et
575 1729 618 1757 cum
631 1718 670 1757 duo
683 1717 726 1768 sint,
738 1731 798 1757 unum

146 1799 164 1834 16
175 1805 252 1843 quantum
260 1810 297 1832 uero
305 1800 326 1832 ad
333 1811 346 1832 c.
357 1800 425 1843 pertinet
432 1800 462 1833 ins.
472 1801 496 1843 μ,
541 1810 560 1842 23
572 1801 624 1843 ipsum
635 1802 657 1832 Pa
665 1812 684 1832 ex
691 1810 710 1831 a:
722 1801 752 1843 ipsi
759 1801 780 1833 al.

128 1878 266 1915 than‘societatis
278 1878 372 1912 concordia)
398 1877 447 1910 Refer
479 1878 526 1921 bring
540 1884 566 1911 out
582 1878 609 1911 the
624 1883 693 1911 contrast
707 1878 725 1911 of
739 1879 798 1912 ‘unus’

128 1932 145 1959 to
157 1924 218 1957 Introd.
230 1925 238 1963 §
247 1933 254 1966 5
262 1924 273 1964 i,
282 1934 309 1966 pp.
318 1922 361 1963 xlvii,
370 1922 419 1955 xlviii.
480 1923 518 1956 with
526 1923 594 1963 ‘unum’
603 1923 654 1956 which
660 1924 687 1956 the
692 1924 739 1956 latter
744 1923 796 1957 would

151 1981 165 2002 1.
192 1969 272 2008 quicquid
290 1969 333 2001 illud
352 1968 385 2008 cst]
412 1967 447 1999 The
479 1967 605 2000 havelorleited.

129 2018 183 2048 nenter
191 2012 268 2056 givesthe
277 2012 321 2044 effect
330 2011 348 2043 ol
357 2011 448 2052 something
502 2012 525 2044 16.
547 2013 636 2051 [quantum
658 2021 698 2044 uero
717 2015 740 2045 ad
760 2021 797 2045 con-

128 2057 181 2093 which
195 2062 253 2091 cannot
265 2056 331 2099 entirely
345 2056 365 2089 be
377 2055 446 2095 defined,
480 2057 553 2089 cordiam
564 2056 645 2098 pertinet]
654 2056 730 2100 Jaclrson,
738 2055 798 2089 follow·

129 2104 162 2137 and
175 2102 216 2135 need
230 2107 258 2135 not
271 2101 315 2145 (with
329 2099 414 2143 Welchm.)
428 2101 448 2132 be
480 2101 507 2143 ing
522 2101 598 2140 Latinius,
612 2101 668 2134 inserts
682 2101 726 2134 these
740 2102 798 2134 words.

130 2147 189 2181 altered
204 2151 220 2178 to
234 2146 265 2177 dle.
288 2146 318 2187 Cp.
334 2145 350 2177 iv
365 2155 379 2187 p.
398 2154 421 2186 15.
438 2152 446 2185 7
480 2145 798 2186 Evidentlythehomoeoteleutoncaused

130 2190 215 2234 ‘quicquid
233 2200 266 2222 esse
283 2194 334 2232 potest
349 2188 392 2232 quod
409 2189 447 2221 deus
480 2188 507 2221 the
513 2189 587 2221 omission
595 2188 613 2220 of
618 2189 646 2220 the
653 2189 711 2221 clause.

130 2233 206 2276 est,'vp.
219 2235 242 2267 18.
253 2243 267 2275 7,
279 2234 295 2265 vl
305 2243 321 2275 p.
333 2243 357 2265 rr.
369 2241 386 2273 ry
397 2232 447 2275 ‘quic-
502 2242 526 2264 zo.
548 2234 604 2270 ipsum
624 2236 669 2270 sunt,
685 2236 725 2264 dum
742 2234 798 2272 ipsum

130 2279 168 2322 quid
175 2277 215 2311 illud
222 2285 246 2310 est
253 2276 306 2310 totns!
480 2276 556 2317 sopiunt]
567 2277 614 2318 ‘they
623 2287 649 2308 are
660 2276 686 2308 the
696 2287 739 2309 same
747 2276 798 2319 thing,

151 2334 165 2365 7.
188 2321 388 2361 ego...p1antaut]100r.
398 2319 415 2353 iii
423 2319 437 2352 6.
480 2320 530 2362 being
544 2320 561 2352 ol
573 2320 601 2353 the
615 2331 658 2353 same
671 2321 736 2353 mind':
755 2326 798 2363 post-

152 2378 176 2401 11.
197 2365 354 2408 noneutrdemsq.]
369 2363 449 2398 ‘thesell
482 2364 620 2398 classicaluseol
633 2365 669 2408 ipre.
691 2364 796 2408 ‘Sopiunt¹=

130 2422 173 2445 some
181 2421 237 2454 person
244 2411 257 2443 is
265 2416 292 2443 not
300 2410 363 2453 equally
370 2410 409 2442 Paul
417 2408 449 2442 and
482 2410 568 2450 φρονοῦσιν.

131 2454 209 2499 Apollos.'
220 2454 447 2498 Cp.note0nxxiv‚p.86.14.
502 2464 526 2486 tr.
551 2453 800 2496 ‘Forthosewhornpersonclity

154 2511 177 2540 14.
200 2499 236 2531 The
247 2497 423 2541 ‘quod’construetton
434 2498 448 2529 is
481 2497 547 2537 divides,
569 2498 636 2540 religion
654 2497 708 2540 brings
727 2499 799 2541 together

132 2543 210 2588 preferred
218 2548 235 2576 to
242 2543 269 2576 tbc
276 2553 320 2576 more
327 2544 388 2576 normal
396 2542 447 2575 inlini·
480 2541 537 2586 again?

132 2589 163 2622 tive
173 2587 279 2620 construction
290 2588 340 2624 ‘esse'
349 2588 365 2619 in
375 2587 421 2620 order
431 2592 447 2619 to
