1746 2903
129 142 168 184 114
391 143 531 176 NOVATIANI
560 182 562 184 ¹
740 146 795 186 [XXX

127 254 189 282 rarum
202 237 311 280 caelestium
324 239 395 279 nullam
408 245 480 291 partem
493 238 593 292 praeterire
605 239 708 279 debemus:
725 240 796 293 quippe

127 322 171 349 cum
181 305 238 349 etiam
250 305 282 346 illa
291 318 340 357 quae
349 304 369 344 in
378 304 474 358 scripturis
484 311 528 345 sunt
537 305 599 358 posita
611 306 681 348 Christi
692 306 796 348 diuinitatis

127 373 208 427 insignia
221 373 273 414 nullo
287 373 346 414 modo
359 373 452 414 debemus
464 386 555 423 recusare,
570 387 594 414 ne
606 374 740 426 scripturarum
753 389 796 416 auc-

127 441 222 483 toritatem
238 440 378 491 corrumpendo
395 438 521 492 integritatem
538 439 582 480 fidei
598 447 674 481 sanctae
690 442 796 493 corrupisse

32 558 33 561 Ἴ
84 545 85 548 ,
108 516 229 558 5teneamur.
258 512 277 544 et
289 507 326 544 hoc
338 519 382 557 ergo
394 508 498 554 credamus,
509 505 603 557 siquidem
617 506 753 557 fidelissimum,
764 508 795 548 dei

127 575 187 615 filium
205 574 270 614 iesum
288 571 385 613 Christum
402 571 501 613 dominum
519 579 538 613 et
556 573 613 613 deum
633 580 729 613 nostrum:
750 587 796 626 quo-

127 641 178 682 niam
192 641 212 679 t‘n
221 639 315 692 principia
326 643 367 678 erat
378 641 459 687 uerbum,
471 644 489 679 et
501 640 575 679 uerbum
590 646 632 679 erat
644 641 696 691 apud
707 642 764 690 deam,
779 646 798 680 et

128 711 171 749 deas
190 713 230 747 erat
247 708 326 747 aeruna.
358 707 390 747 lzac
410 711 451 746 erat
471 707 491 746 t'a
509 708 602 758 pathena
622 708 674 758 aprad
689 709 746 746 derata.
779 713 797 747 at

128 776 203 815 uerbena
220 788 262 814 curo
272 774 345 824 factam
361 779 391 822 est,
405 778 423 813 et
436 774 530 813 tenuarat
544 774 565 812 r'a
581 774 636 812 azotu.
664 780 693 813 et:
712 775 796 814 dotamus

96 852 119 877 10
128 854 177 882 naeus
189 846 207 880 et
218 842 260 880 deas
274 854 328 880 naeus.
355 848 385 881 et:
396 854 476 892 vqaorum
486 846 555 891 patres,
567 846 585 880 et
595 854 618 880 ex
631 843 696 892 qrrr'bur
709 843 796 882 Christus

128 910 224 949 sacrandum
245 921 321 955 curnem,
341 909 374 958 qai
393 913 418 947 est
438 914 492 958 super
514 909 575 947 amnia
596 910 639 947 dens
659 908 757 948 teutmarus
775 909 796 947 r'a

128 975 189 1015 saecul
200 1004 203 1012 .

168 1040 221 1091 Quid
237 1053 281 1091 ergo
297 1040 396 1079 dicemus?
416 1040 510 1093 numquid
525 1042 573 1080 duos
586 1041 633 1080 deos
649 1040 741 1092 scriptura
754 1055 797 1093 pro-

128 1107 197 1162 ponit?
215 1107 313 1159 quomodo
329 1120 374 1158 ergo
389 1106 440 1157 dicit,
457 1105 501 1159 quia
514 1109 558 1146 deus
570 1121 619 1147 arras
633 1109 674 1147 ert?
691 1115 724 1148 aut
742 1121 797 1148 num-

96 1186 118 1224 15
129 1174 175 1228 quid
185 1186 225 1214 non
239 1180 257 1214 et
270 1173 356 1214 Christus
366 1175 413 1213 deus
423 1174 466 1213 est?
483 1174 582 1224 quomodo
594 1186 643 1225 ergo,
654 1176 739 1214 donamus
747 1188 797 1214 araus

128 1242 204 1280 atdans
221 1252 275 1288 anetus,
295 1239 371 1280 Christo
390 1240 462 1279 dictum
480 1242 523 1280 est?
549 1248 612 1281 totum
629 1240 685 1293 igitur
705 1242 742 1281 hoc
760 1240 796 1281 nisi

128 1320 172 1348 cum
186 1306 261 1359 propria
276 1305 399 1345 ueneratione
413 1312 432 1346 et
447 1305 531 1359 legitima
546 1306 675 1359 disputatione
690 1315 795 1358 teneamus

129 1374 196 1415 merito
208 1374 319 1414 scandatum
330 1372 429 1413 haereticis
440 1373 549 1425 praebuisse
560 1376 664 1424 credemur,
679 1389 718 1414 non
731 1374 796 1426 utique

128 1454 152 1480 ex
163 1439 296 1491 scripturarum
310 1439 419 1480 caelestium
431 1440 483 1489 uitio,
498 1454 547 1492 quae
559 1454 664 1492 numquam
676 1443 749 1490 fallunt,
763 1443 797 1482 sed

96 1517 119 1543 20
129 1503 207 1544 humaui
221 1503 287 1544 erroris
301 1502 460 1556 praesumptione,
476 1518 513 1556 qua
528 1504 617 1545 haeretici
633 1519 674 1545 esse
689 1506 795 1546 uoluerunt.

129 1571 181 1611 etin
196 1570 261 1622 primis
275 1570 322 1611 illud
336 1571 484 1622 retorquendum
499 1570 518 1610 in
534 1571 579 1611 istos
596 1571 628 1623 qui
644 1573 724 1611 duorum
741 1572 797 1612 nobis

129 1638 208 1678 deorum
217 1636 365 1677 controuersiam
375 1637 436 1677 iecere
445 1645 572 1689 praesumunt.
600 1637 690 1690 scriptum
701 1645 735 1688 est,
745 1640 802 1693 quod

129 1718 197 1757 negare
210 1703 250 1744 non
265 1712 349 1755 possunt,
363 1703 454 1755 quoniam
468 1718 516 1744 aratus
529 1710 555 1744 ast
566 1706 655 1745 damma.
683 1707 708 1746 de
721 1705 798 1747 Christo

129 1782 174 1821 ergo
190 1769 236 1821 quid
252 1768 350 1809 sentiunt?
377 1769 477 1808 dominum
492 1782 538 1819 esse,
553 1776 586 1810 aut
599 1770 652 1809 illum
666 1771 745 1810 omnino
758 1783 798 1810 uon

97 1846 119 1885 25
130 1836 186 1876 esse?
218 1836 252 1875 sed
266 1835 366 1874 dominum
384 1834 437 1875 illum
453 1836 532 1877 omnino
546 1850 585 1877 non
601 1837 702 1877 dubitant:
722 1850 766 1889 ergo
783 1837 798 1877 si

161 1940 170 1973 5
181 1931 195 1965 si
202 1931 266 1975 quidem
275 1931 329 1964 fideles
336 1942 389 1965 sumus
396 1931 465 1964 Wower.
473 1931 530 1964 emend.
629 1941 637 1974 7
649 1932 691 1975 apud
698 1932 753 1974 deum]
760 1933 799 1965 deus

86 2031 91 2038 ‚
130 1989 173 2029 edd,
182 1999 221 2022 carr.
230 1988 254 2031 Ja.
331 1997 348 2030 17
360 1986 464 2030 dispositione
471 1988 495 2031 Ja.
505 1988 544 2021 caui.
616 1998 636 2021 ao
647 1998 679 2031 qua
686 2000 705 2021 u:
717 1988 754 2031 quia
761 1988 798 2021 edd.

130 2048 194 2075 veteres¹

129 2134 179 2177 ought
193 2144 217 2168 we
233 2138 250 2167 to
267 2139 322 2178 accept
338 2133 449 2176 unreservedly
503 2144 527 2165 10.
549 2132 797 2176 OnthepassageRom.ix5cp.

130 2190 177 2220 every
196 2183 231 2221 part
251 2178 268 2210 oi
287 2178 372 2221 Scripture.
404 2177 449 2210 Thus
481 2187 497 2209 n.
506 2177 559 2210 onch.
568 2176 600 2217 xiii,
609 2188 625 2219 p.
635 2190 660 2219 44.
670 2188 693 2219 13.
712 2204 713 2207 ,

130 2221 238 2256 Welchman's
261 2221 361 2255 emendation
384 2221 397 2254 is
420 2232 448 2253 un·
503 2231 526 2262 17.
558 2222 680 2262 disputatione]
702 2221 798 2254 ‘dialectics

129 2277 216 2309 necessary.
479 2265 549 2308 Jackson
557 2265 622 2298 emends
629 2271 646 2298 to
653 2266 752 2308 dispositione
758 2266 800 2299 from

151 2320 166 2352 5.
187 2313 270 2349 siquidem
285 2310 403 2343 fidelissimum
416 2310 447 2353 sq.]
480 2309 505 2341 ch.
514 2321 534 2342 xv
541 2311 568 2341 sab
572 2309 603 2351 fin.

131 2356 182 2388 ‘since
192 2356 205 2387 it
217 2355 230 2388 is
243 2366 252 2388 a
265 2360 305 2388 most
317 2354 379 2387 faithful
392 2353 447 2396 saying
501 2364 525 2386 20.
547 2362 581 2391 qua
591 2355 673 2386 haeretici
683 2354 715 2396 sq.]
743 2354 799 2387 Pame·

130 2400 164 2433 that
171 2400 217 2441 Jesus
225 2398 312 2432 Christ.,.is
322 2409 351 2432 our
362 2398 405 2431 Lord
415 2399 446 2431 and
479 2397 509 2430 lius
523 2398 575 2430 marks
590 2399 617 2430 the
631 2399 668 2441 play
682 2408 703 2430 on
717 2397 744 2431 the
757 2403 799 2432 root·

130 2442 179 2483 God,’
191 2454 216 2485 cp,
229 2442 287 2475 ‘fidelis
298 2443 359 2480 sermm'
373 2454 379 2474 r
392 2442 447 2474 Timr
480 2442 554 2483 meaning
571 2441 589 2474 of
604 2442 676 2481 haeresis,
693 2442 766 2480 ‘choicess
781 2453 799 2474 as

132 2498 155 2529 15,
479 2487 583 2527 praesumtio
594 2496 647 2518 means
660 2484 746 2519 ‘sels-utili.¹
768 2485 799 2529 Cp.

152 2539 166 2573 7.
187 2531 273 2574 Jo.ir,a,
282 2542 305 2572 14.
479 2535 575 2573 noteonp.
590 2530 665 2563 rorte.

151 2586 166 2620 9.
187 2576 404 2619 Jo›xr28:seep.44.19.
501 2585 526 2617 ²3·
549 2574 644 2617 Deutvip
688 2575 690 2577 ’
