1746 2903
66 179 88 221 V]
101 229 103 234 ἲ
264 180 300 212 DE
316 178 403 212 TRINIT
400 179 415 211 A
419 178 450 211 TE
463 178 537 211 LIBER
708 173 732 217 17

46 279 58 317 5
104 275 128 313 V.
156 273 215 315 Cuius
233 273 289 314 etiam
306 272 322 313 si
337 271 443 313 iracundias
459 271 543 325 legimus,
561 278 579 311 et
594 269 734 324 indignationes
765 306 767 308 ,

67 341 159 392 quasdam
173 340 276 393 descriptas
288 347 380 388 tenemus,
390 345 409 379 et
421 338 466 379 odia
478 340 535 378 relata
547 336 685 390 cognoscimus,
695 344 736 378 non

66 414 131 446 tamen
145 408 193 446 haec
206 406 332 459 intellegimus
346 407 371 445 ad
384 406 511 444 humanorum
523 405 582 443 relata
595 417 636 443 esse
649 405 737 457 exempla

67 472 161 514 uitiorum.
189 473 236 515 hacc
250 472 302 514 enim
316 471 386 521 omnia,
401 470 437 512 etsi
450 470 549 511 hominem
562 477 642 522 possunt
654 484 735 510 corrum-

68 554 117 592 pere,
134 540 219 581 diuinam
236 539 275 580 uim
291 552 331 579 non
348 545 428 589 possunt
446 536 525 577 omnino
540 536 610 576 uitiare.
637 536 736 585 passiones
745 546 758 583 5

68 605 119 647 enim
134 604 181 647 istae
196 604 216 646 in
231 603 342 646 hominibus
357 601 425 644 merito
441 616 482 643 esse
498 601 589 652 dicentur,
604 601 623 643 in
642 602 679 643 deo
696 614 736 642 non

68 672 135 715 merito
149 672 287 715 iudicabuntur.
303 677 304 680 ’
315 669 410 723 corrumpi
423 669 474 711 enim
487 683 520 722 per
533 670 581 710 haec
595 670 654 709 homo
667 675 737 721 potest,

69 740 113 793 quia
128 739 223 793 corrumpi
239 746 312 792 potest:
330 737 425 790 corrumpi
440 750 474 789 per
489 737 537 777 haec
552 737 599 778 deus
615 750 655 777 non
668 742 738 788 potest,

65 806 114 858 ‘quia
122 819 158 847 nec
167 804 262 858 corrumpi
272 812 340 858 potest.
367 804 439 845 habent
449 802 504 855 igitur
516 804 552 844 ista
563 802 602 843 uim
613 816 667 844 suam
680 815 738 855 quarn

70 879 174 919 exerceant,
188 873 222 912 sed
233 870 267 911 ubi
278 871 375 924 praecedit
387 868 481 921 passibilis
493 868 576 918 materia,
589 883 628 910 non
642 868 674 909 ubi
686 882 738 922 prae·
748 882 771 911 10

70 938 120 980 cedit
129 937 249 990 impassibilis
259 936 369 978 substantia.
392 939 469 977 namet
477 938 530 987 quod
539 935 623 977 irascitur
635 937 687 987 deus,
698 951 738 977 non

69 1018 92 1046 er
99 1005 146 1045 uitio
153 1005 192 1046 eius
199 1004 257 1054 uenit,
265 1005 299 1045 sed
306 1005 331 1044 ad
337 1002 443 1044 remedium
449 1001 509 1042 nostri
515 1001 616 1043 illudfacit.
637 1002 737 1056 indulgens

69 1078 98 1110 est
107 1070 159 1110 enim
171 1070 228 1111 etiam
240 1077 286 1110 tnnc
300 1083 344 1110 curn
357 1068 444 1118 minatur,
455 1069 501 1108 dum
510 1069 544 1121 p'er
554 1062 602 1109 haec
613 1067 700 1110 homines
712 1071 737 1110 ad

70 1146 121 1179 recta
129 1146 247 1179 reuocantur.
275 1152 319 1178 nam
329 1136 398 1190 quibus
407 1138 432 1177 ad
441 1139 541 1177 honestam
553 1139 612 1178 uitam
621 1139 674 1178 deest
683 1137 736 1187 ratio,

70 1211 131 1245 metus
144 1212 172 1245 est
184 1204 306 1253 necessarius,
315 1212 336 1243 ut
347 1203 380 1256 qui
392 1204 484 1245 rationem
496 1205 616 1256 reliquerunt,
626 1207 657 1245 uel
667 1213 737 1247 terrore
748 1221 769 1262 15

70 1278 187 1311 moueantur
215 1278 234 1311 et
242 1270 287 1311 ideo
299 1283 366 1311 omnes
377 1269 467 1310 istaeuel
478 1269 586 1311 iracundiae
597 1271 633 1320 dei,
644 1273 674 1311 uel
686 1270 735 1321 odia,

70 1339 101 1375 uel
112 1350 244 1388 quaecumque
256 1343 300 1375 sunt
308 1334 424 1382 huiusmodi,
434 1336 480 1374 dum
489 1336 514 1375 ad
526 1335 641 1375 medicinam
653 1343 737 1377 nostram

70 1402 189 1454 proferuntur
203 1401 232 1455 (ut
245 1415 274 1442 res
286 1399 356 1455 docet),
369 1415 391 1442 er
403 1401 488 1451 consilia,
499 1414 540 1441 non
551 1415 575 1443 ex
583 1401 630 1442 uitio
638 1411 737 1452 uenerunt,

274 1507 281 1529 1
293 1496 382 1539 legitimas:
394 1507 433 1529 corr.
442 1496 478 1529 edd.
487 1497 535 1539 Angl.

71 1582 199 1625 anthropopathy
205 1592 222 1614 or
229 1580 387 1625 anthropopsychism
419 1582 487 1614 abstract
502 1581 554 1614 words
569 1582 587 1613 of
599 1582 657 1626 feeling
671 1583 737 1617 denotes

71 1627 125 1658 would
134 1627 169 1668 give
178 1627 205 1659 the
215 1626 248 1659 real
258 1631 323 1659 content
335 1627 352 1658 os
360 1626 388 1658 the
419 1626 504 1669 particular
511 1625 589 1658 instances
599 1626 617 1658 of
625 1627 659 1660 that
667 1627 735 1670 feeling:

71 1670 111 1701 idea,
141 1670 188 1707 Trne,
207 1670 284 1701 Harnack
301 1668 330 1712 (D.
342 1671 360 1701 G.
375 1668 388 1708 il
420 1670 496 1708 ‘dolores
512 1669 581 1711 gaudla‚’
597 1671 707 1703 ‘recurrences
720 1672 738 1703 of

72 1712 108 1757 531)
119 1724 198 1756 expresses
207 1714 243 1747 thus
252 1714 279 1747 the
289 1714 361 1756 teachiug
371 1713 390 1746 of
420 1713 463 1756 pain,
476 1712 557 1756 triumph.¹

71 1758 98 1790 the
116 1759 160 1791 older
177 1758 236 1791 fathers
261 1758 284 1798 (as
307 1758 387 1795 Irenaeus,
441 1769 455 1800 31
478 1759 622 1790 adhumanorum
636 1759 674 1799 cet]
691 1761 736 1792 ‘nar-

71 1802 163 1841 Terlullian‚
170 1801 301 1844 Hippolytus)—¹
306 1802 343 1834 God
348 1802 361 1834 is
366 1802 387 1834 all
420 1802 464 1834 rated
474 1801 493 1834 of
501 1801 541 1833 Him
550 1802 567 1833 in
574 1802 601 1833 the
608 1812 653 1835 sense
660 1803 676 1834 in
683 1803 735 1836 which

71 1845 117 1887 light,
125 1846 146 1878 all
157 1846 286 1888 understanding,
296 1845 318 1878 all
328 1846 385 1889 Logos,
420 1846 464 1878 these
471 1856 497 1879 are
504 1846 563 1878 human
571 1845 625 1878 vices!

71 1890 93 1922 all
111 1890 182 1933 spiritual
199 1890 277 1933 activity:
296 1890 389 1933 everything
441 1903 456 1931 4.
478 1889 515 1923 ‘All
526 1890 570 1923 these
580 1890 666 1930 affections,
676 1891 735 1935 though

71 1934 205 1977 anthropopathic
220 1935 253 1967 and
267 1935 387 1978 anthropomor·
420 1935 457 1977 they
471 1946 508 1976 may
522 1940 585 1977 corrupt
601 1935 660 1967 human
674 1942 734 1977 nature,

71 1978 108 2022 phic
122 1985 165 2012 must
179 1979 199 2012 he
213 1979 290 2012 ercluded
305 1979 346 2011 from
360 1980 388 2016 the
420 1984 478 2012 cannot
493 1985 509 2012 at
523 1979 544 2012 all
562 1979 619 2022 impair
633 1980 660 2012 the
677 1981 736 2014 Divine

72 2023 166 2066 conception
174 2023 255 2057 ofGod':
266 2024 332 2056 hutone
340 2023 388 2055 ofh'rs
420 2022 494 2056 essencc.’
520 2024 540 2056 ln
557 2023 584 2056 the
601 2030 638 2056 next
656 2030 735 2064 sentence,

71 2067 157 2100 references
165 2067 274 2101 toTertullian
282 2067 363 2110 isenough
371 2072 388 2101 to
417 2067 497 2111 passiones
509 2072 551 2100 rnust
569 2068 590 2101 be
609 2068 657 2101 taken
674 2079 692 2102 as
709 2069 736 2103 the

71 2112 114 2145 shew
126 2112 160 2145 that
172 2112 199 2146 the
211 2112 262 2145 moral
274 2113 305 2144 and
317 2112 388 2155 spiritual
420 2112 505 2154 predicate,
518 2113 557 2145 istae
566 2113 615 2155 being
625 2114 702 2147 attracted
712 2114 735 2146 in-

71 2156 157 2198 attrihutes,
168 2156 220 2190 which
229 2167 288 2200 appear
299 2157 316 2189 in
325 2167 362 2189 man
371 2157 388 2189 in
420 2161 437 2189 to
453 2162 556 2199 agreenrentr
576 2157 614 2190 such
629 2157 682 2200 things
700 2169 736 2202 may

71 2212 93 2242 an
99 2201 177 2244 infinitely
183 2201 214 2234 less
221 2202 284 2244 degree,
293 2212 319 2233 are
326 2202 347 2243 hy
355 2201 388 2234 that

70 2245 122 2277 father
138 2246 230 2288 predicated
245 2245 262 2278 os
279 2245 326 2278 God:
343 2248 387 2289 'pro-

70 2301 135 2332 ponam,
140 2291 193 2323 Deum
198 2301 231 2323 non
238 2290 307 2332 potuisse
311 2290 388 2323 humanos

71 2344 163 2376 congressus
178 2334 223 2372 inire,
237 2334 267 2366 nisi
281 2333 359 2367 humanos
373 2338 388 2367 et

71 2388 125 2411 sensus
139 2384 155 2411 et
169 2377 233 2411 affectus
247 2377 344 2420 suscepisset,
360 2388 388 2420 per

71 2432 111 2465 quos
125 2421 157 2454 uim
173 2422 259 2454 maiestatis
276 2433 319 2462 suae,
332 2421 387 2456 intole-

71 2466 387 2509 rabilemutiquehumanaemediocritati¹

71 2511 161 2598 hunrplitate
172 2511 275 2554 temperaret’
283 2511 326 2551 (uda.
334 2512 386 2545 Marc.

71 2566 98 2589 ur
118 2581 121 2588 .
366 2585 374 2590 a,

94 2564 109 2633 ri
128 2601 232 2641 harundini]
255 2600 281 2633 the
301 2600 353 2643 plural
372 2600 391 2633 of

123 2679 180 2708 F-N.'

421 2201 479 2243 rightly
485 2201 506 2234 be
516 2201 567 2234 called
576 2201 661 2244 ‘passions’
669 2203 685 2233 in
693 2213 735 2241 men,

420 2256 458 2278 man
475 2245 542 2289 starting
558 2245 597 2279 with
619 2258 628 2279 a
646 2246 736 2289 ‘passibilis

421 2290 496 2322 materia.1
518 2290 589 2323 Obserue
595 2290 622 2322 the
631 2295 700 2323 contrast
709 2292 735 2324 he·

420 2338 472 2366 tween
479 2335 546 2365 arateria
553 2335 585 2365 and
591 2334 683 2366 substantia.

443 2387 467 2419 15.
487 2380 508 2410 ut
528 2379 558 2417 qui
577 2379 692 2419 rationem...]
710 2379 735 2411 ‘in

420 2423 466 2455 order
477 2422 512 2456 that
524 2424 569 2455 those
582 2423 619 2455 who
633 2423 674 2456 have
687 2423 736 2456 aban-

420 2466 473 2500 doned
478 2477 533 2500 reason
538 2477 574 2509 may
579 2467 599 2499 he
606 2468 667 2507 moved,
675 2467 736 2511 though

421 2511 432 2544 it
439 2522 480 2545 were
487 2511 525 2554 only
533 2512 553 2553 hy
560 2513 622 2544 terron’

443 2556 467 2589 18.
485 2565 506 2589 ex
512 2556 588 2598 consilio]
596 2556 622 2589 ‘of
627 2562 650 2590 set
657 2558 737 2600 purpose?

675 2682 684 2707 2
