1746 2903
66 190 133 231 arur]

65 294 163 340 perantem
177 287 244 335 reddit,
261 286 348 339 quamuis
366 285 390 326 sit

265 190 301 223 DE
317 191 333 223 Τ
331 189 404 223 RINIT
401 191 416 222 Α
420 191 436 222 Τ
434 189 451 222 Ε
465 189 539 222 LIBER

696 188 731 220 121

407 293 426 326 et
444 287 496 335 deus,
516 300 575 326 unum
594 294 657 327 tamen
675 290 732 329 deum

66 362 139 407 patrem
148 355 173 394 de
183 352 305 393 oboedientia
315 366 348 392 sua
361 352 449 401 ostendit,
460 366 482 392 err
495 366 533 404 quo
545 359 564 393 et
573 352 663 405 originem
673 354 731 395 traxit.

105 422 130 459 Et
139 420 183 460 ideo
193 421 240 459 dnos
250 421 297 459 deos
304 420 365 459 iacere
375 433 414 458 non
423 418 490 471 potuit,
498 420 542 471 quia
551 434 587 459 nee
596 421 643 460 duas
653 421 733 473 origines

65 485 116 533 feeit,
126 486 159 538 qui
167 500 191 526 er
199 499 228 536 eo,
238 485 272 538 qui
280 485 372 537 originem
381 498 420 525 non
432 485 495 534 habet,
505 484 619 538 principium
631 485 733 526 natiuitatis

65 561 110 595 ante
119 566 176 593 omne
186 559 260 604 tempus
269 552 347 604 aceepit.
375 565 419 591 nam
429 565 473 592 cum
482 551 501 592 id
511 552 535 592 sit
544 552 658 605 principium
667 552 733 594 ceteris
744 564 753 603 5

65 621 119 673 quod
131 620 217 660 innatum
229 626 258 660 est
271 620 331 671 (quod
343 620 390 659 deus
403 620 453 659 solus
466 626 519 671 pater
530 626 562 668 est,
574 619 606 671 qui
618 626 669 659 extra
681 619 734 672 origi-

66 701 111 729 nem
120 694 153 737 est,
164 701 187 727 ex
196 700 234 738 quo
243 686 274 726 hic
284 693 312 726 est
321 686 354 737 qui
363 692 418 725 natus
427 684 469 736 est),
480 686 526 725 dum
536 685 568 737 qui
578 699 600 726 ex
609 685 642 726 illo
651 685 734 727 nascitur

66 753 133 794 merito
143 768 165 792 ex
174 767 197 793 eo
207 753 264 800 uenit,
273 752 305 803 qui
313 751 403 804 originem
411 765 450 790 non
458 752 521 799 habet,
529 751 643 804 principium
651 753 734 804 probans

65 820 113 860 illud
122 832 168 867 esse,
176 832 199 859 ex
208 832 246 870 quo
255 818 295 870 ipse
305 825 338 868 est,
349 817 423 859 etiamsi
431 818 478 871 deus
488 824 517 858 est
526 816 559 868 qui
568 825 623 858 natus
632 826 734 867 estunam

66 893 130 925 tamen
143 887 200 926 deum
213 884 301 932 ostendit,
309 898 366 936 quem
379 883 410 924 hic
419 884 452 937 qui
462 891 516 925 natus
526 892 554 924 θεῖ
563 898 604 926 θεεθ
613 885 654 926 sine
663 886 734 940 origine
746 900 768 924 10

66 952 202 1005 comprobauit.

106 1020 140 1060 Est
148 1034 192 1073 ergo
202 1021 254 1070 deus,
263 1020 297 1060 sed
305 1018 325 1059 in
335 1021 372 1060 hoc
381 1018 443 1072 ipsum
453 1019 531 1071 genitus,
540 1027 560 1059 ut
567 1028 616 1061 esset
625 1021 677 1062 deus.
705 1030 733 1062 est

68 1094 86 1126 et
95 1086 189 1134 dominus,
200 1087 234 1125 sed
243 1086 263 1125 in
272 1086 309 1124 hoc
318 1085 381 1137 ipsum
391 1092 445 1124 natus
455 1098 478 1124 ex
486 1092 573 1137 patrant
582 1093 631 1126 θεεθῖ
638 1087 732 1127 dominus.

68 1161 96 1193 est
109 1160 128 1193 et
141 1154 224 1204 angelus,
238 1153 272 1192 sed
285 1152 310 1191 ad
322 1151 474 1191 annuntiandum
488 1165 578 1202 magnum
590 1153 621 1192 dei
634 1153 733 1193 consilium

67 1232 91 1259 er
103 1219 155 1269 patre
168 1230 202 1258 sno
216 1219 293 1268 angelus
306 1216 415 1256 destinatus.
443 1216 496 1256 cuius
510 1216 537 1256 sic
548 1217 636 1258 diuinitas
649 1219 732 1267 traditur,
745 1233 766 1272 15

67 1291 136 1324 utnon
149 1292 181 1323 aut
193 1282 310 1322 dissonantia
322 1290 354 1321 aut
366 1281 499 1334 inaequalitate
512 1280 616 1325 diuinitatis
629 1284 677 1325 duos
687 1287 733 1326 deos

99 1401 107 1433 3
116 1391 154 1423 deos
162 1391 193 1423 ias,
201 1389 236 1422 We.

67 1447 82 1487 6,
91 1458 98 1489 7
111 1446 154 1488 quod
161 1446 267 1478 dens...natns
274 1449 297 1476 est
305 1445 328 1476 Pa
335 1456 353 1476 aar
360 1456 374 1476 a.

300 1402 309 1431 4
319 1389 366 1429 eo...]
374 1389 404 1421 deo
412 1388 448 1431 quia
456 1387 532 1431 originem
540 1388 588 1422 habet
596 1389 620 1422 ed.
629 1389 678 1423 Paris.
688 1402 732 1434 1545.

438 1452 454 1484 [5
466 1444 509 1476 cuius
520 1444 542 1476 sic
553 1444 733 1489 diuinitas...inaequali-

67 1508 99 1536 tate
110 1500 196 1534 diuinitatis
207 1501 229 1533 Pa
240 1511 259 1533 aar
270 1509 288 1532 a:
300 1511 329 1533 aaa.
342 1504 417 1533 aut...aut
428 1499 541 1542 inaequalitate
552 1500 572 1540 G,
585 1501 609 1533 ed.
624 1501 672 1534 Paris.
685 1512 733 1544 1545:

67 1558 111 1589 dalet
120 1557 215 1599 aequalitate
221 1557 245 1597 Ja.

88 1665 101 1686 a.
136 1655 156 1685 de
173 1650 285 1690 oboedientia]
304 1650 335 1692 ‘by
354 1649 385 1681 His

66 1697 164 1735 obediencess
175 1707 192 1728 as
203 1701 252 1738 supra
263 1706 277 1738 p.
288 1705 321 1727 rao.
335 1696 344 1728 8
356 1694 384 1726 ‘de

67 1741 144 1774 numero.¹
166 1742 198 1773 For
209 1739 245 1772 N.’s
256 1739 329 1781 teaching
336 1740 385 1771 about

67 1787 94 1819 the
99 1785 145 1819 Son’s
151 1784 242 1822 obediente,
249 1794 275 1817 see
280 1783 331 1816 above
336 1795 351 1826 p.
359 1784 384 1824 38.

69 1843 116 1873 15,p.
127 1828 333 1873 81.13—p.82.4,p.96.
346 1839 385 1860 ro—

69 1887 93 1917 13o
102 1886 118 1916 P*
127 1885 152 1916 93·
162 1884 228 1916 19-21.

90 1929 113 1950 ra.
135 1920 153 1949 in
165 1921 196 1949 hoc
206 1919 262 1955 ipsum
273 1916 346 1954 genitus,
358 1914 385 1956 ut]

67 1964 106 1996 does
118 1968 146 1995 not
160 1961 219 2005 specify
231 1961 257 1993 the
270 1971 343 2002 purpose,
357 1960 385 1991 but

67 2007 94 2040 the
101 2007 154 2040 result.
175 2005 254 2048 ‘Gignere
260 2005 277 2037 in
286 2003 342 2036 deum'
352 2004 365 2036 is
376 2014 386 2036 a

68 2052 139 2093 frequent
149 2050 240 2093 expression
250 2051 267 2080 in
278 2049 340 2090 Hilary.

91 2105 114 2135 15.
136 2096 207 2133 angelus
226 2092 329 2132 destinatus]
356 2091 386 2124 See

68 2150 84 2182 p.
96 2138 120 2181 64,
136 2139 199 2180 15—18.

88 2184 108 2215 ilc
136 2185 183 2214 cuins
198 2183 221 2213 sic
238 2182 385 2213 diuinitas...ntae-

67 2227 115 2267 atur]
135 2227 187 2258 There
201 2225 214 2256 is
228 2224 326 2266 adifficulty
337 2225 386 2255 about

67 2271 183 2314 zitaeqaalitate,
193 2270 209 2300 in
219 2270 259 2301 view
270 2269 288 2299 ot
295 2268 322 2300 the
331 2268 387 2300 earlier

68 2316 120 2348 wmds
127 2315 145 2347 of
152 2315 179 2347 the
187 2314 261 2356 chapter:
273 2313 295 2344 ‘si
303 2322 335 2344 non
342 2312 386 2355 geni:

67 2365 92 2393 tus
100 2365 145 2396 esset,
151 2359 216 2391 collatus
222 2369 258 2401 cum
263 2368 282 2390 eo
290 2356 317 2399 qui
324 2356 386 2399 genitus

67 2415 100 2437 non
109 2409 155 2443 esset,
164 2408 180 2436 et
189 2402 262 2445 aequales
271 2401 337 2440 inuenti,
346 2402 386 2433 duos

67 2449 106 2481 deos
113 2449 169 2480 merito
175 2447 279 2479 reddidissent
286 2455 318 2477 non
325 2445 386 2488 geniti*

68 2493 104 2525 One
110 2493 161 2534 might
166 2492 223 2523 almost
228 2491 273 2530 (with
280 2490 348 2531 Jaclrson
354 2490 385 2521 and

69 2537 130 2568 lllarau.
140 2535 220 2577 Diabas.
231 2536 247 2566 C.
256 2534 273 2565 iv
281 2543 303 2576 19.
312 2532 386 2576 aquoted

68 2580 85 2612 in
93 2578 153 2623 Migne)
161 2579 202 2611 have
212 2578 265 2610 rather
275 2578 352 2620 expected
361 2588 385 2608 aa·

68 2624 147 2666 qualitate,
155 2622 256 2666 particularly
261 2621 300 2654 after
307 2626 340 2654 aut.
355 2621 386 2653 But

416 1650 454 1682 here
467 1650 493 1682 the
505 1650 557 1682 writer
568 1650 582 1683 is
593 1655 621 1683 not
632 1651 707 1696 thinking
718 1653 736 1685 of

417 1694 473 1736 origin,
480 1695 509 1727 but
516 1694 534 1727 of
543 1694 602 1728 Divine
610 1697 693 1730 substance
702 1699 734 1731 aud

417 1739 503 1771 attributes.
535 1740 576 1771 ‘His
597 1740 669 1783 Dirinity
687 1742 700 1774 is
716 1752 734 1775 so

417 1784 516 1816 transmitted
527 1783 555 1826 [by
566 1784 593 1817 the
603 1784 617 1817 F
618 1784 669 1826 ather]
679 1797 696 1819 as
706 1792 734 1820 not

417 1833 433 1860 to
443 1828 464 1859 let
474 1828 486 1860 it
496 1839 559 1871 appear.
571 1829 592 1871 by
602 1840 632 1871 any
643 1830 705 1863 discord
716 1842 734 1864 or

417 1872 503 1913 inequality
511 1873 527 1904 in
538 1873 558 1904 its
565 1873 652 1910 attributes
660 1879 676 1905 to
684 1875 734 1917 imply

418 1920 449 1947 two
458 1915 513 1947 Gods.'
532 1915 561 1958 Cp.
569 1921 623 1959 snpra,
632 1917 734 1951 ‘discordiam

417 1959 515 1992 diuinitatis!
537 1960 572 1992 The
579 1966 611 1993 two
618 1961 683 2002 phrases
691 1963 733 1995 iaaa-

417 2004 493 2047 pualitata
506 2004 537 2037 aud
554 2004 652 2037 dissonantia
664 2017 700 2049 may
713 2008 734 2040 be

417 2049 453 2079 thus
461 2048 550 2090 explained.
573 2049 590 2079 tt
597 2050 624 2080 the
633 2050 711 2082 Godhead
718 2051 736 2083 of

418 2091 482 2124 theone
491 2102 533 2124 were
542 2103 552 2123 a
561 2093 633 2125 different
642 2094 687 2136 thing
694 2095 734 2127 lrorn

418 2136 445 2169 the
461 2136 538 2169 Godhead
553 2136 571 2169 of
583 2136 610 2170 the
626 2137 676 2177 other,
690 2139 734 2172 tlrere

418 2180 465 2211 could
472 2186 499 2212 not
510 2181 538 2211 but
547 2180 568 2212 be
578 2186 609 2212 two
620 2181 668 2214 Gods.
692 2184 715 2216 Or
722 2184 736 2215 if

418 2224 445 2256 the
457 2229 489 2255 two
501 2223 549 2256 could
561 2224 581 2256 be
593 2225 678 2258 conceived
690 2227 709 2259 ol
717 2237 734 2260 as

418 2268 477 2310 having
487 2269 514 2300 the
524 2278 567 2301 same
578 2268 661 2308 Godhead,
669 2271 700 2303 and
708 2276 734 2313 yet

418 2312 492 2355 standing
503 2312 520 2344 in
533 2322 554 2344 no
566 2312 651 2346 accordant
662 2314 733 2354 relation,

418 2356 462 2388 there
473 2357 525 2389 would
536 2357 556 2389 be
567 2363 598 2389 two
611 2357 660 2390 Gods.
681 2360 712 2391 Βεῖ
721 2360 737 2392 'if

418 2401 445 2433 the
457 2400 536 2434 Godhead
546 2401 565 2433 of
574 2402 601 2434 the
611 2412 642 2434 one
652 2402 666 2435 is
675 2404 735 2447 wholly

418 2445 483 2478 derived
494 2445 534 2478 from
544 2446 570 2478 the
582 2446 632 2485 other,
646 2447 678 2480 and
690 2448 734 2482 abso·

418 2489 467 2531 lutely
474 2490 501 2521 the
506 2500 549 2521 same
555 2490 605 2531 thing,
612 2491 649 2521 then
657 2492 683 2523 the
690 2493 735 2534 unity

418 2533 436 2564 of
441 2532 468 2564 the
476 2533 554 2565 Godhead
561 2533 574 2564 is
581 2533 683 2566 maintained.
704 2536 735 2568 For

418 2577 490 2609 traditur
500 2588 524 2620 cp.
537 2588 553 2619 p.
567 2588 601 2609 raa.
614 2578 734 2621 5‘tradnntur,¹

418 2621 438 2653 a.
446 2622 455 2653 8
463 2619 539 2659 ‘tradita'
547 2621 579 2653 and
586 2622 607 2653 it.
617 2632 640 2654 ro.
695 2636 697 2638 v
