1746 2903
92 199 125 240 xr]
292 200 328 232 DE
344 200 479 233 rrrrrrrnrr
492 200 566 234 creare
736 199 761 243 37

93 310 117 336 err
122 295 167 348 ipsis
173 310 214 337 esse
222 304 341 337 monstretur.
356 299 488 350 quaecumque
495 297 546 338 enim
552 297 582 337 lex
588 295 608 336 in
614 297 702 338 alterutro
709 299 763 339 fuerit

94 364 161 417 posita,
178 365 198 405 in
212 367 271 406 altero
286 365 394 405 inuenietur
408 378 450 405 esse
465 371 556 417 suscepta.
590 364 694 417 periculum
711 365 762 406 enim

94 431 130 473 erit
142 445 177 472 nec
189 432 286 473 hominem
295 431 348 472 illum
358 446 381 472 ex
389 431 508 484 passionibus
518 432 598 481 ostendi,
608 432 624 472 si
633 446 672 472 non
681 433 763 485 potuerit

96 499 153 538 etiam
167 500 214 538 deus
227 513 250 538 err
263 498 363 538 uirtutibus
378 499 483 549 approbari.
515 511 555 537 non
569 507 598 537 est
612 512 656 550 ergo
671 499 691 537 in
705 513 763 538 unam

96 571 169 617 partem
180 564 311 605 inclinandum
322 571 341 603 et
353 564 378 603 ab
390 563 427 603 alia
436 571 489 616 parte
500 562 615 616 fugiendum,
625 563 715 616 quoniam
728 578 763 605 nec
773 575 782 615 5

96 630 169 671 tenebit
183 631 285 682 perfectam
298 628 397 669 ueritatem
411 629 496 682 quisquis
509 628 592 680 aliquam
607 629 690 669 ueritatis
704 633 765 670 exclu-

97 697 142 738 serit
157 697 269 750 portionem.
296 697 398 736 tamenim
415 695 506 748 scriptura
522 695 579 737 etiam
594 697 652 737 deum
665 697 765 738 annuntiat

48 784 49 787 ¹
98 763 201 812 Christum,
212 778 269 815 quam
280 762 337 802 etiarn
349 764 447 803 hominem
458 763 521 814 ipsum
532 763 632 803 annuntiat
643 765 701 804 deum
707 779 712 813 3
726 772 764 805 tam
818 767 819 770 ’

97 829 196 870 hominem
207 828 306 881 descripsit
320 831 384 870 Iesum
396 829 497 880 Christum,
511 843 568 883 quam
581 830 638 871 etiam
650 833 707 872 deum
720 846 765 884 quo·

98 911 136 949 que
148 898 246 949 descripsit
259 897 355 939 Christum
368 897 473 937 dominum.
501 897 591 949 quoniam
603 912 639 938 nec
648 899 680 938 dei
691 906 765 938 tantum
776 910 798 935 10

97 963 151 1003 illum
160 964 219 1003 filium
229 978 270 1004 esse
279 963 373 1014 proponit,
381 965 415 1003 sed
425 971 443 1003 et
452 963 546 1012 hominis;
560 977 595 1003 nec
602 964 684 1003 hominis
691 971 765 1004 tantum

98 1030 150 1081 dicit,
165 1032 199 1071 sed
212 1039 231 1071 et
245 1030 276 1072 dei
291 1032 359 1080 referre
373 1030 483 1071 consueuit:
502 1038 522 1070 ut
538 1031 584 1070 dum
600 1043 623 1070 ex
638 1038 718 1082 utroque
731 1038 764 1081 est,

83 1135 84 1139 .
99 1105 200 1150 utrumque
209 1099 244 1147 sit,
258 1112 282 1138 ne
291 1098 307 1137 si
316 1100 395 1138 alterum
402 1105 476 1138 tantum
483 1098 512 1147 sit,
520 1099 599 1137 alterum
607 1111 647 1137 esse
654 1112 693 1137 non
700 1098 764 1149 possit.

99 1170 120 1203 ut
129 1163 179 1203 enim
189 1162 307 1215 praescripsit
316 1162 356 1215 ipsa
365 1170 432 1212 nature
441 1163 538 1203 hominem
547 1164 664 1203 credendum
676 1177 722 1213 esse,
733 1163 766 1215 qui

99 1243 122 1270 err
131 1230 208 1270 homine
218 1230 246 1278 sit,
256 1230 282 1270 ita
289 1231 356 1270 eadem
366 1237 432 1270 natura
440 1229 549 1281 praescribit
557 1237 575 1269 et
585 1231 642 1269 deum
649 1231 766 1270 credendum
777 1243 798 1283 15

100 1311 146 1347 esse,
157 1297 190 1349 qui
198 1311 221 1337 ex
230 1299 267 1338 deo
276 1296 311 1337 sit:
325 1311 349 1337 ne
361 1297 377 1337 si
389 1311 429 1337 non
441 1305 460 1337 et
472 1298 520 1337 deus
532 1296 646 1346 luerit,cum
659 1311 681 1337 ex
690 1298 727 1337 deo
737 1297 765 1346 sit,
812 1350 814 1353 Ι

99 1363 137 1403 iam
151 1377 187 1403 nec
199 1365 257 1404 homo
271 1363 299 1412 sit,
314 1363 358 1403 licet
371 1377 394 1403 err
407 1363 485 1404 homine
498 1362 558 1412 fuerit,
573 1371 591 1403 et
605 1363 631 1403 sic
645 1363 664 1403 in
677 1365 766 1405 alterutro

99 1438 201 1483 utrumque
216 1430 335 1483 periclitetur,
353 1431 399 1470 dum
417 1432 497 1470 alterum
514 1432 573 1470 altero
589 1432 647 1470 fidem
662 1431 767 1482 perdidisse

99 1497 224 1538 conuincitur.
252 1497 284 1550 qni
295 1499 360 1549 legunt
374 1510 417 1548 ergo
431 1496 513 1537 hominis
524 1496 584 1537 filium
595 1497 692 1537 hominem
706 1498 768 1540 Chris-

100 1571 141 1602 tum
159 1565 228 1611 Iesdm,
247 1564 310 1613 regant
328 1563 379 1601 hunc
400 1564 483 1601 eundem
503 1570 522 1601 et
543 1563 601 1601 deum
618 1570 637 1601 et
657 1563 688 1602 dei
707 1563 767 1602 filium
777 1577 800 1602 20

359 1669 362 1674 ⁴
389 1684 397 1705 ο
409 1673 425 1706 in
433 1673 482 1706 altero
490 1684 519 1706 om.
529 1673 589 1715 Migne.
632 1679 704 1717 suspecta
711 1686 728 1716 γ,
736 1676 767 1708 al:

251 1736 269 1771 ιγ
280 1727 303 1760 sic
311 1727 335 1760 G:
346 1738 375 1760 οοι.
384 1738 400 1768 γ.

133 1686 139 1708 1
152 1685 172 1707 err
179 1674 216 1717 ipsis
224 1686 243 1708 a:
255 1674 276 1707 ab
283 1673 292 1706 i.
302 1674 323 1706 nl.

100 1739 140 1762 corr.
149 1728 185 1761 We.

124 1843 147 1866 η,
171 1836 200 1865 sed
220 1836 238 1866 et
259 1834 286 1865 dei
302 1835 365 1865 reterre
383 1841 420 1865 oon·

101 1879 164 1918 sueuih]
178 1880 214 1910 'but
226 1880 240 1910 is
256 1880 289 1910 also
302 1884 345 1910 wont
358 1886 375 1910 to
389 1878 419 1910 call

102 1923 142 1954 Him
154 1922 180 1954 the
191 1921 224 1954 Son
235 1922 253 1953 of
262 1920 311 1954 God’

452 1833 479 1865 the
486 1833 549 1870 Arians,
558 1832 608 1865 called
617 1833 651 1865 that
661 1833 679 1865 of
688 1833 768 1876 Sinnium,

451 1878 480 1909 has
490 1879 517 1910 the
528 1877 596 1909 formula
606 1878 770 1918 γεγεννημένονμονο-

452 1922 489 1960 γενῆ
496 1922 541 1960 μονον
551 1921 567 1951 ἐκ
575 1921 622 1959 μόνον
631 1921 660 1953 ὑπὸ
668 1923 696 1954 eorl
703 1923 768 1964 Πατρός,

124 1965 147 1999 16.
166 1965 289 2005 quiexdeosit]
304 1965 335 1998 See
341 1965 419 1997 Westcott

102 2022 123 2043 on
137 2011 179 2053 John
189 2010 217 2042 viii
228 2022 253 2052 4²·
278 2010 313 2042 The
329 2010 419 2052 expression

103 2066 135 2087 was
144 2055 183 2087 used
192 2055 213 2096 ογ
224 2056 258 2097 Ign.
270 2055 313 2096 Epa.
322 2055 357 2086 viia
368 2056 393 2085 καὶ
403 2056 419 2085 ἐκ

103 2099 164 2141 Μαρίας
173 2099 198 2130 καὶ
205 2100 222 2130 ἐκ
232 2100 266 2130 θεοῦ
270 2109 275 2137 ;
285 2098 307 2140 by
313 2098 365 2140 Justin
372 2098 417 2130 Dial.

103 2143 122 2177 61
134 2144 167 2176 θεὸς
179 2143 196 2175 ὲκ
206 2144 240 2175 teat
250 2141 320 2183 repulsior
330 2143 346 2181 ἐξ
358 2143 420 2182 ὲαντοθ;

103 2188 125 2231 by
140 2186 238 2230 Hippolytus
252 2199 264 2220 c.
280 2188 324 2219 Noel.
338 2187 354 2219 xi
369 2188 420 2219 πάντα

103 2233 153 2265 τοίνυν
162 2232 180 2264 δι’
189 2233 239 2270 αὐτοῦ,
249 2232 293 2264 αι’ττὸς
299 2231 315 2263 δὲ
321 2229 364 2268 μόνος
370 2233 387 2263 ἐκ
394 2232 421 2263 τοῦ

105 2274 172 2317 perfidu
191 2276 223 2306 and
240 2276 261 2318 ογ
278 2275 366 2306 Tertullian
384 2273 421 2317 (eg.

105 2320 151 2361 Apol.
161 2330 178 2352 ar
198 2321 226 2352 ‘ex
236 2320 267 2352 deo
277 2319 356 2361 prolatum
367 2318 422 2351 didici·

104 2362 146 2396 mus’
151 2376 156 2403 3
173 2363 210 2396 adu.
225 2364 276 2397 Pror.
290 2374 306 2396 rr
326 2362 375 2395 ‘filius
390 2373 422 2395 non

105 2408 134 2440 erit
142 2408 182 2440 alius
191 2419 239 2451 quam
249 2407 276 2451 qui
286 2418 305 2439 ex
314 2407 348 2450 ipso
357 2407 421 2450 prodiit,

105 2463 157 2484 sermo
167 2457 220 2484 autem
231 2452 289 2495 prodiit
301 2463 320 2485 ex
330 2451 385 2494 ipso').
407 2452 423 2483 lt

106 2506 138 2529 was
153 2496 201 2529 taken
215 2507 236 2540 up
248 2496 270 2540 by
284 2495 310 2529 the
327 2495 393 2529 Fathers
407 2495 425 2528 of

106 2542 172 2578 Nicaea,
187 2539 280 2581 γεννηθέντα
294 2543 312 2572 ἐκ
326 2543 353 2572 τοῦ
366 2542 423 2581 πατρὸς

105 2586 186 2625 μονογενῆ,
194 2583 273 2617 τουτέστιν
280 2586 298 2616 ἐκ
305 2585 331 2623 τῆς
339 2585 390 2618 οὐσίας
397 2586 424 2616 τοῦ

106 2627 168 2670 τατρθς,
178 2629 212 2660 θεὸν
217 2630 235 2660 ἐκ
242 2629 282 2660 θεοῦ.
304 2628 339 2660 The
346 2628 398 2662 Creed
407 2627 426 2660 of

453 1965 487 1996 θεὸν
498 1966 516 1997 ἐκ
528 1965 568 2004 θεοῦ,
581 1965 632 2001 θμοιον
644 1963 666 2006 roi
678 1967 770 2006 γεννήσαντι

452 2011 497 2042 αὑτὸν
505 2010 551 2051 πατρὶ
558 2010 597 2040 κατὰ
604 2009 631 2042 τὰς
638 2012 699 2053 γραφάς
707 2011 769 2052 (Hahn,

452 2055 504 2094 Symb.
512 2065 527 2096 p.
538 2052 582 2095 rard:
594 2054 646 2086 where
656 2066 687 2087 one
698 2056 770 2088 observes

452 2098 486 2130 that
494 2097 521 2130 the
528 2102 568 2129 femi
575 2100 588 2130 θ.
598 2098 615 2130 ἐκ
623 2099 656 2130 θεοῦ
664 2099 677 2131 is
684 2100 769 2132 evacuated

452 2142 471 2175 of
475 2143 495 2175 its
503 2142 531 2174 snll
538 2142 612 2185 meaning
619 2142 640 2184 by
647 2143 667 2175 its
674 2149 744 2177 context.

473 2187 492 2219 lb.
516 2195 537 2219 ne
551 2188 566 2218 si
579 2195 613 2219 non
623 2190 641 2219 et
652 2189 699 2229 deus]
711 2188 770 2221 ‘other-

453 2231 497 2268 wise,
504 2231 518 2263 if
527 2231 553 2263 He
560 2231 617 2264 should
626 2232 647 2264 be
656 2232 706 2264 found
715 2238 744 2266 not
754 2238 771 2266 to

454 2276 474 2307 he
489 2275 531 2312 God,
545 2275 591 2306 when
606 2276 633 2307 He
647 2277 660 2307 is
672 2277 691 2307 of
703 2277 745 2315 God,
759 2278 772 2309 it

454 2319 516 2352 follows
528 2319 555 2350 He
566 2318 579 2351 is
591 2323 620 2351 not
631 2330 669 2352 man
680 2320 735 2359 either,
749 2321 771 2353 al-

455 2363 515 2405 though
525 2362 552 2395 He
561 2362 582 2395 be
590 2362 608 2395 of
616 2375 657 2402 man,
668 2364 700 2396 and
710 2364 746 2397 thus
755 2364 772 2397 in

455 2408 505 2439 either
518 2412 573 2439 nature
589 2407 629 2439 both
645 2418 671 2440 are
689 2414 705 2440 at
720 2410 771 2449 srahe,

455 2452 482 2484 the
490 2463 521 2484 one
530 2451 577 2493 being
586 2452 646 2493 proved
656 2459 672 2484 to
681 2453 722 2486 have
731 2454 773 2487 been

455 2495 550 2529 discredited
564 2496 585 2539 by
599 2496 633 2537 [the
647 2496 736 2532 overthrow
750 2498 773 2540 0ss

455 2541 482 2573 the
490 2540 545 2572 other.¹

456 2628 466 2634 ..
478 2593 501 2628 19.
516 2585 599 2616 nominem
605 2586 641 2617 chr.
648 2586 709 2626 Iesum]
717 2586 772 2619 rTim.

455 2638 489 2670 115.
