1746 2903
65 177 140 218 xxvix]
262 176 296 209 oe
314 174 446 209 recurrere
459 173 533 207 emen
705 171 731 215 97

66 288 104 328 quo
120 273 193 314 dictum
209 272 243 314 sit:
261 286 290 324 ego
307 277 325 312 et
336 277 394 324 poter
408 283 466 311 aaaron
480 283 548 318 sternes,
569 268 622 310 etin
638 270 675 310 hoc
691 270 733 312 illos

66 353 127 391 aeque
143 338 199 378 facile
216 338 320 378 uincemus.
354 337 370 376 si
387 336 439 375 enirn
456 343 501 385 erat,
515 342 536 375 ut
554 334 643 374 haeretici
660 342 732 387 putant,

66 413 119 459 pater
131 404 222 455 Christus,
235 405 318 458 oportuit
331 402 404 445 dicere:
418 416 448 456 ego
456 407 513 456 poter
523 415 573 442 rences
585 415 631 441 serm.
658 409 677 442 at
690 415 735 443 cum

66 486 96 526 ego
109 471 160 522 dicit,
174 472 245 513 deinde
258 479 330 524 patrem
343 470 404 520 infert,
420 470 502 512 dicendo
513 483 543 522 ego
553 475 571 509 et
580 475 639 521 poter,
654 469 736 522 proprie-

68 547 126 580 tatem
142 552 234 591 personae
249 552 299 586 snae,
316 538 336 578 id
352 544 380 578 est
396 537 434 587 filii,
451 552 463 577 a
478 545 556 589 patema
573 536 690 577 auctoritate.
700 536 754 584 dis-5

67 606 127 648 cernit
142 613 199 658 atque
215 605 317 657 distinguit,
334 619 373 645 non
390 604 525 644 tantummodo
542 605 566 644 de
583 617 631 644 sono
647 604 735 650 nominis,

68 674 102 713 sed
112 671 168 712 etiam
178 672 202 711 de
213 670 279 711 ordine
289 670 391 723 dispositae
401 669 511 723 potestatis,
525 668 558 721 qui
566 669 658 721 potuisset
668 668 735 718 dicere,

68 751 98 789 ego
106 743 165 789 peter,
177 737 192 777 si
205 744 277 789 patrem
289 750 309 777 se
321 750 363 777 esse
376 735 498 776 meminisset.
516 742 544 775 et
556 734 601 787 quia
613 735 660 775 dixit
673 748 736 784 erarem,

68 805 178 855 intellegant
184 802 273 843 haeretici
280 802 324 854 quia
330 816 370 843 non
377 802 423 842 dixit
430 815 482 842 renos.
505 801 620 841 nrroroenim
629 801 737 841 neutraliter

70 870 153 924 positum
169 868 264 910 societatis
277 866 399 909 concordiam
412 882 452 909 non
465 866 557 908 unitatem
572 879 664 920 personae
677 873 771 907 sonatio

69 950 127 977 arcem
137 939 187 977 enim
199 950 239 977 non
251 949 299 975 orcos
311 949 352 976 esse
363 934 436 984 dicitur,
448 934 540 986 quoniam
552 947 589 975 nec
601 934 625 973 ad
637 946 737 973 numerum

70 1004 152 1052 refertur,
172 1002 206 1042 sed
226 1003 251 1042 ad
271 1001 381 1042 societatem
401 999 476 1041 alterius
498 997 618 1052 expromitur.
654 998 737 1050 denique

70 1069 128 1110 adicit
142 1068 213 1118 dicens,
229 1082 297 1116 secrcccs,
313 1082 352 1108 non
367 1081 413 1119 serae,
427 1074 448 1108 ut
463 1068 572 1107 ostenderet
587 1079 620 1117 per
635 1066 673 1105 hoc
686 1066 738 1117 quod

71 1136 123 1186 dixit,
139 1149 201 1176 scenos
217 1150 246 1186 ego
260 1141 278 1175 et
287 1140 349 1186 poter,
366 1136 413 1175 duas
429 1147 470 1174 esse
485 1147 586 1186 personas,
604 1146 662 1172 cererem
676 1140 739 1173 autem

72 1204 124 1253 quod
136 1201 167 1250 ait,
180 1203 205 1240 ad
220 1201 342 1240 concordiam
357 1207 376 1239 et
389 1201 470 1245 eandem
483 1198 597 1239 sententiam
610 1205 629 1237 et
642 1198 667 1237 ad
680 1197 741 1248 ipsam
752 1207 773 1248 15

72 1265 153 1306 caritatis
168 1265 279 1306 societatem
292 1265 391 1317 pertinere,
411 1273 433 1305 ut
450 1264 518 1304 merito
535 1276 594 1303 unum
613 1263 637 1303 sit
653 1271 706 1316 pater
722 1270 743 1303 et

72 1332 121 1372 filius
134 1345 167 1384 per
179 1332 300 1372 concordiam
315 1338 334 1372 et
347 1345 381 1384 per
394 1345 479 1372 amorem
493 1337 512 1371 et
524 1344 558 1383 per
571 1329 699 1371 dilectionem.
722 1338 742 1370 et

104 1421 113 1453 3
124 1420 154 1452 ego
162 1414 177 1442 et
184 1414 230 1453 pater
236 1420 276 1443 unus
283 1422 295 1452 γ
302 1411 336 1444 Pa:
346 1421 376 1442 ora.
385 1415 400 1442 et
408 1410 423 1443 G
430 1410 480 1453 etJa:
491 1420 540 1443 unum
548 1409 568 1442 G.
609 1419 627 1451 14
638 1419 668 1452 ego
676 1410 706 1442 ios.
715 1409 740 1452 Ja.

76 1466 94 1498 16
106 1466 184 1508 pertinere
191 1474 212 1505 γε
225 1470 246 1497 -et
254 1465 308 1497 Latin.
317 1465 344 1504 Pa,
354 1469 394 1498 eret
401 1466 422 1498 ol.

72 1534 121 1566 tollae
130 1534 176 1576 Jecos
186 1534 204 1566 irc
215 1534 308 1566 eotecseose
317 1534 343 1566 He
353 1534 391 1566 calls
446 1543 511 1575 11-14·
534 1533 742 1567 ‘Lerthehereticsunder-
770 1552 772 1555 v

74 1579 147 1621 Hr'msels
152 1580 192 1611 God:
202 1579 232 1611 an'ar
241 1589 258 1610 os
266 1579 290 1611 cte
297 1578 355 1620 Senos
360 1578 393 1611 Goo'
423 1577 469 1610 stand
480 1577 514 1610 that
525 1577 553 1610 He
563 1578 591 1611 did
599 1583 627 1611 not
637 1589 665 1620 say
676 1578 711 1612 One
720 1578 742 1620 (in

74 1623 156 1666 sonctfied
168 1623 202 1654 ond
211 1628 244 1654 sent
258 1623 277 1664 by
289 1623 315 1654 tlte
328 1622 391 1654 Fotlcer.
425 1622 451 1654 the
459 1621 557 1661 masculine];
571 1623 638 1655 because
646 1623 682 1655 One
690 1624 706 1655 in
715 1623 742 1657 the

74 1668 98 1699 As
112 1667 189 1708 receiving
202 1666 321 1709 sarzctc'ficotc'orc,
337 1667 363 1699 He
379 1666 393 1698 ir
424 1671 480 1698 neuter
489 1666 549 1708 gender
558 1666 742 1710 signifiesasellowship

75 1710 163 1754 c'oferr'erto
170 1711 264 1743 tlceFotlcer.
287 1711 311 1742 Ar
321 1715 359 1748 seor,
367 1711 393 1743 Hc
425 1709 443 1742 of
454 1720 528 1743 common
538 1710 601 1753 feeling,
612 1716 640 1743 nor
651 1712 716 1754 aunity
727 1712 746 1744 os

75 1755 89 1787 e's
101 1755 162 1797 proved
173 1758 188 1786 to
202 1754 218 1787 be
232 1754 257 1787 tlte
271 1755 309 1792 Son,
326 1759 353 1787 not
368 1755 393 1786 tice
425 1753 517 1796 person'..t
523 1754 570 1788 Since
578 1754 599 1787 its
606 1754 685 1788 reference
694 1756 707 1788 is
715 1761 743 1788 not

75 1799 134 1830 Fother
142 1799 177 1829 wlco
186 1799 200 1829 is
206 1799 232 1829 tlte
238 1798 307 1836 Sene'er;
312 1797 343 1840 for
352 1798 394 1829 llere
425 1796 516 1835 numerical,
524 1798 553 1829 but
562 1798 568 1829 i
583 1799 597 1830 is
606 1798 720 1831 adceleration
728 1799 747 1831 of

75 1842 161 1874 coorcotbe
175 1845 205 1874 troo
219 1841 291 1874 Fotlcers.
317 1842 357 1874 And
369 1842 394 1874 tte
425 1840 643 1884 fellowshipuitlranother)
662 1842 744 1876 Asimilar

75 1891 172 1927 controversy
186 1886 199 1917 c's
213 1886 268 1918 settled
279 1885 298 1927 by
312 1885 345 1918 He's
358 1896 393 1918 otoo
426 1891 508 1927 argument
519 1885 532 1918 is
543 1886 582 1919 used
593 1887 614 1928 by
626 1887 693 1920 Tertull.
705 1888 741 1921 adu.

76 1930 171 1962 declaration
183 1929 218 1962 tlrot
230 1929 255 1962 He
267 1929 281 1961 r's
294 1929 320 1962 tte
333 1930 364 1962 Son
378 1929 398 1972 of
426 1930 476 1962 Prox.
487 1929 526 1969 xxii,
538 1930 605 1973 Hippol.
614 1942 627 1963 c.
638 1932 683 1965 Noet.
693 1939 701 1975 7
712 1933 745 1965 ancl

79 1974 115 2007 God.
427 1985 475 2017 many
482 1974 521 2007 later
528 1975 593 2008 writers.

97 2029 112 2061 3.
128 2019 395 2058 ocereegoerpaterunussum]
450 2029 473 2051 re.
496 2020 607 2061 expromitur]
629 2020 658 2063 Cp.
675 2021 702 2054 the
716 2032 745 2055 use

75 2063 146 2106 Jaclrson
153 2075 188 2105 says
195 2063 230 2095 that
238 2062 328 2103 (languens
335 2063 367 2095 and
374 2063 395 2095 de
428 2062 446 2095 of
456 2063 548 2105 ‘promitur’
558 2064 574 2096 in
582 2064 612 2097 last
619 2063 644 2097 ch.
652 2075 668 2107 p.
678 2066 716 2108 941.
726 2074 744 2107 7:

77 2107 93 2139 la
100 2107 148 2140 Barre
156 2108 192 2139 read
199 2107 233 2149 Ego
241 2107 290 2139 Pater
296 2117 393 2139 enarrantem
427 2107 477 2139 hence
494 2107 599 2140 Welchman's
613 2110 704 2151 suggestion
718 2120 743 2142 ex-

78 2151 134 2193 Migne
144 2156 205 2194 reporto
215 2151 259 2183 them
270 2160 287 2182 as
298 2151 363 2193 reading
371 2161 395 2192 ego
424 2151 504 2192 primitur
513 2150 526 2183 is
535 2161 645 2194 unnecessary.

77 2193 395 2237 etPeterorrcmcsom:hutthisispos·
448 2194 468 2227 r'b.
489 2196 567 2235 denique]
593 2195 722 2237 ‘Andinsaen’
734 2209 743 2230 o

77 2238 119 2280 sihly
125 2249 155 2271 one
163 2238 181 2271 of
186 2237 211 2270 his
218 2237 304 2280 misprints.
323 2238 348 2280 Jo.
353 2250 364 2271 x
370 2249 393 2280 30.
427 2238 543 2280 post-classical
549 2250 602 2282 usage<

98 2294 113 2323 4.
135 2282 263 2323 proprietatem]
282 2281 395 2325 ‘pecnliarity‚'
450 2293 474 2323 14.
494 2281 547 2315 unum
558 2286 602 2322 quod
612 2286 688 2324 censeor
696 2286 745 2318 eflec-

79 2325 178 2360 ‘distinctixe
188 2325 279 2360 character.¹
427 2327 497 2367 atonem]
509 2327 549 2360 This
554 2327 679 2371 interpretation,
685 2330 746 2372 though

99 2370 113 2403 6.
137 2380 170 2403 non
185 2374 198 2404 t,
217 2373 237 2403 de
253 2379 293 2403 sono
307 2371 332 2411 n]
353 2371 396 2403 ‘Not
428 2371 560 2404 trueasfarasit
569 2382 613 2414 goes,
621 2373 634 2405 is
642 2373 745 2415 quiteinade-

79 2414 116 2457 only
123 2415 144 2456 by
151 2416 178 2447 the
184 2425 226 2447 mere
234 2415 284 2447 sound
292 2415 310 2446 of
315 2414 342 2446 the
349 2425 396 2447 name
417 2443 418 2446 ,
428 2419 475 2457 quate
486 2414 526 2448 from
536 2416 563 2448 the
571 2417 611 2449 later
618 2416 692 2450 Catholic
700 2418 746 2461 point

79 2458 126 2500 [Son]
134 2460 161 2491 hut
170 2459 225 2501 hythe
236 2459 282 2491 order
292 2458 308 2491 in
319 2469 396 2501 economy
428 2459 446 2492 of
458 2460 504 2499 view,
518 2470 547 2492 nor
559 2461 598 2494 does
610 2461 637 2493 the
651 2461 747 2495 illustration

79 2503 97 2533 of
105 2503 175 2544 power’:
187 2504 220 2535 that
228 2503 241 2534 is
251 2508 267 2534 to
277 2514 305 2544 say
316 2502 349 2534 κατ’
358 2505 395 2534 otro·
429 2503 487 2543 (ulrich
501 2503 569 2543 follows]
582 2505 623 2538 from
636 2516 642 2537 r
657 2505 695 2539 Cor.
707 2506 725 2538 iii
737 2508 746 2538 8

79 2546 137 2585 coplae.
160 2547 193 2577 For
205 2546 342 2590 ‘dispositae'cp
351 2557 367 2579 n.
375 2558 396 2579 ou
428 2548 499 2589 improve
513 2552 583 2581 matters.
611 2548 647 2581 The
662 2550 716 2591 ‘nnity
730 2549 749 2582 of

80 2600 93 2621 c.
103 2600 124 2622 xv
131 2601 146 2633 p.
156 2599 180 2632 53.
190 2597 204 2632 7.
429 2590 500 2624 essence'
512 2591 525 2624 is
539 2591 629 2636 something
642 2593 689 2626 much
704 2605 747 2627 more

132 2669 148 2697 F.
159 2669 178 2696 N.
685 2674 694 2712 7
